Timestamp,Record Type,Instrument Name,Premium (256ths),Quantity,Deal Source,Aggressive,Bid/Ask,Order Number,Sequence
02:11:03:070346 20180108,TRADE,2_YEAR,25556,8,1,0,B,605794000000B64E,485
02:11:03:070346 20180108,TRADE,2_YEAR,25556,8,1,1,A,605794000000BECA,486
02:11:30:412122 20180108,TRADE,2_YEAR,25556,2,1,0,B,605794000000BECF,503
02:11:30:412122 20180108,TRADE,2_YEAR,25556,10,1,1,A,605794000000BF1C,504
02:11:30:412122 20180108,TRADE,2_YEAR,25556,8,1,0,B,605794000000BED6,505
02:11:34:033405 20180108,TRADE,2_YEAR,25556,1,1,0,B,605794000000BF29,515
02:11:34:033405 20180108,TRADE,2_YEAR,25556,1,1,1,A,605794000000BF3A,516
02:15:04:530558 20180108,TRADE,2_YEAR,25556,1,1,0,B,605794000000BF29,644
02:15:04:530558 20180108,TRADE,2_YEAR,25556,11,1,1,A,605794000000C6D9,645
02:15:04:530558 20180108,TRADE,2_YEAR,25556,2,1,0,B,605794000000C4CD,646
02:15:04:530558 20180108,TRADE,2_YEAR,25556,1,1,0,B,605794000000C4D1,647
02:15:04:530558 20180108,TRADE,2_YEAR,25556,7,1,0,B,605794000000C4D9,648
02:17:04:670829 20180108,TRADE,2_YEAR,25556,2,1,0,B,605794000000C49E,714
02:17:04:670829 20180108,TRADE,2_YEAR,25556,6,1,1,A,605794000000CB48,715
02:17:04:670829 20180108,TRADE,2_YEAR,25556,4,1,0,B,605794000000C7E5,716
02:24:09:352541 20180108,TRADE,2_YEAR,25556,40,1,0,A,605794000000CB4E,950
02:24:09:352541 20180108,TRADE,2_YEAR,25556,62,1,1,B,605794000000E847,951
02:24:09:352541 20180108,TRADE,2_YEAR,25556,1,1,0,A,605794000000CB53,952
02:24:09:352541 20180108,TRADE,2_YEAR,25556,2,1,0,A,605794000000DB7F,953
02:24:09:352541 20180108,TRADE,2_YEAR,25556,19,1,0,A,605794000000E4B5,954
02:26:21:198546 20180108,TRADE,2_YEAR,25556,4,1,0,B,605794000000EE2F,1005
02:26:21:198546 20180108,TRADE,2_YEAR,25556,4,1,1,A,605794000000F123,1006
02:26:21:198716 20180108,TRADE,2_YEAR,25556,12,1,0,B,605794000000EE2F,1010
02:26:21:198716 20180108,TRADE,2_YEAR,25556,12,1,1,A,605794000000F126,1011
02:27:21:387707 20180108,TRADE,2_YEAR,25556,5,1,0,B,605794000000F25E,1062
02:27:21:387707 20180108,TRADE,2_YEAR,25556,5,1,1,A,605794000000F39C,1063
02:31:01:761793 20180108,TRADE,2_YEAR,25556,6,1,0,B,605794000000F25E,1320
02:31:01:761793 20180108,TRADE,2_YEAR,25556,6,1,1,A,605794000001002E,1321
02:31:01:762651 20180108,TRADE,2_YEAR,25556,3,1,0,B,605794000000F25E,1326
02:31:01:762651 20180108,TRADE,2_YEAR,25556,3,1,1,A,605794000001003C,1327
02:31:01:767700 20180108,TRADE,2_YEAR,25556,2,1,0,B,605794000000F25E,1330
02:31:01:767700 20180108,TRADE,2_YEAR,25556,2,1,1,A,6057940000010075,1331
02:31:01:770386 20180108,TRADE,2_YEAR,25556,1,1,0,B,605794000000F25E,1340
02:31:01:770386 20180108,TRADE,2_YEAR,25556,1,1,1,A,605794000001009D,1341
02:32:06:825434 20180108,TRADE,2_YEAR,25556,6,1,0,B,605794000000F25E,1434
02:32:06:825434 20180108,TRADE,2_YEAR,25556,6,1,1,A,60579400000107B1,1435
02:38:36:874640 20180108,TRADE,2_YEAR,25556,5,1,0,B,605794000000F25E,1556
02:38:36:874640 20180108,TRADE,2_YEAR,25556,6,1,1,A,6057940000011965,1557
02:38:36:874640 20180108,TRADE,2_YEAR,25556,1,1,0,B,6057940000010B43,1558
02:38:36:874725 20180108,TRADE,2_YEAR,25556,2,1,0,B,605794000000F25E,1562
02:38:36:874725 20180108,TRADE,2_YEAR,25556,2,1,1,A,6057940000011968,1563
02:38:36:874798 20180108,TRADE,2_YEAR,25556,5,1,0,B,605794000000F25E,1567
02:38:36:874798 20180108,TRADE,2_YEAR,25556,10,1,1,A,605794000001196A,1568
02:38:36:874798 20180108,TRADE,2_YEAR,25556,5,1,0,B,6057940000010B43,1569
02:38:36:875483 20180108,TRADE,2_YEAR,25556,2,1,0,B,605794000000F25E,1576
02:38:36:875483 20180108,TRADE,2_YEAR,25556,10,1,1,A,6057940000011997,1577
02:38:36:875483 20180108,TRADE,2_YEAR,25556,1,1,0,B,6057940000010B43,1578
02:38:36:875483 20180108,TRADE,2_YEAR,25556,7,1,0,B,60579400000115E5,1579
02:38:36:876579 20180108,TRADE,2_YEAR,25556,10,1,0,B,60579400000115E5,1590
02:38:36:876579 20180108,TRADE,2_YEAR,25556,10,1,1,A,60579400000119E9,1591
02:38:36:876893 20180108,TRADE,2_YEAR,25556,3,1,0,B,60579400000115E5,1600
02:38:36:876893 20180108,TRADE,2_YEAR,25556,3,1,1,A,60579400000119FD,1601
02:38:38:078379 20180108,TRADE,2_YEAR,25556,14,1,1,A,6057940000011AEB,1653
02:38:38:078379 20180108,TRADE,2_YEAR,25556,33,1,0,B,6057940000011B72,1654
02:38:38:078379 20180108,TRADE,2_YEAR,25556,6,1,1,A,6057940000011AF3,1655
02:38:38:078379 20180108,TRADE,2_YEAR,25556,9,1,1,A,6057940000011AF7,1656
02:38:38:078379 20180108,TRADE,2_YEAR,25556,4,1,1,A,6057940000011B13,1657
02:38:38:078539 20180108,TRADE,2_YEAR,25556,2,1,1,A,6057940000011B13,1660
02:38:38:078539 20180108,TRADE,2_YEAR,25556,2,1,0,B,6057940000011B74,1661
02:38:38:093743 20180108,TRADE,2_YEAR,25556,2,1,0,B,6057940000011B8E,1686
02:38:38:093743 20180108,TRADE,2_YEAR,25556,2,1,1,A,6057940000011C21,1687
02:40:48:385706 20180108,TRADE,2_YEAR,25556,1,1,0,B,6057940000011BFF,1753
02:40:48:385706 20180108,TRADE,2_YEAR,25556,4,1,1,A,605794000001216A,1754
02:40:48:385706 20180108,TRADE,2_YEAR,25556,2,1,0,B,6057940000011EA3,1755
02:40:48:385706 20180108,TRADE,2_YEAR,25556,1,1,0,B,6057940000011EA6,1756
02:40:48:385812 20180108,TRADE,2_YEAR,25556,2,1,0,B,6057940000011EA3,1761
02:40:48:385812 20180108,TRADE,2_YEAR,25556,4,1,1,A,605794000001216D,1762
02:40:48:385812 20180108,TRADE,2_YEAR,25556,2,1,0,B,6057940000011EA6,1763
02:41:14:748315 20180108,TRADE,2_YEAR,25556,11,1,0,B,60579400000122B1,1812
02:41:14:748315 20180108,TRADE,2_YEAR,25556,11,1,1,A,6057940000012302,1813
02:44:24:709823 20180108,TRADE,2_YEAR,25556,2,1,0,A,6057940000012AB4,1920
02:44:24:709823 20180108,TRADE,2_YEAR,25556,2,1,1,B,6057940000012C08,1921
02:44:29:471086 20180108,TRADE,2_YEAR,25556,10,1,0,B,6057940000012D13,1958
02:44:29:471086 20180108,TRADE,2_YEAR,25556,10,1,1,A,6057940000012D4F,1959
03:03:00:165837 20180108,TRADE,2_YEAR,25554,6,1,0,B,605794000000B67E,2516
03:03:00:165837 20180108,TRADE,2_YEAR,25554,6,1,1,A,6057940000017482,2517
03:03:00:166046 20180108,TRADE,2_YEAR,25554,8,1,0,B,605794000000B67E,2528
03:03:00:166046 20180108,TRADE,2_YEAR,25554,32,1,1,A,6057940000017485,2529
03:03:00:166046 20180108,TRADE,2_YEAR,25554,2,1,0,B,605794000000C334,2530
03:03:00:166046 20180108,TRADE,2_YEAR,25554,10,1,0,B,605794000000C9F9,2531
03:03:00:166046 20180108,TRADE,2_YEAR,25554,2,1,0,B,605794000000DF4C,2532
03:03:00:166046 20180108,TRADE,2_YEAR,25554,2,1,0,B,6057940000012FE1,2533
03:03:00:166046 20180108,TRADE,2_YEAR,25554,2,1,0,B,6057940000015E9B,2534
03:03:00:166046 20180108,TRADE,2_YEAR,25554,4,1,0,B,60579400000173C5,2535
03:03:00:166046 20180108,TRADE,2_YEAR,25554,2,1,0,B,60579400000173F3,2536
03:11:01:151119 20180108,TRADE,2_YEAR,25554,4,1,0,A,6057940000017486,3061
03:11:01:151119 20180108,TRADE,2_YEAR,25554,4,1,1,B,605794000001A1E6,3062
03:11:01:151203 20180108,TRADE,2_YEAR,25554,4,1,0,A,6057940000017486,3066
03:11:01:151203 20180108,TRADE,2_YEAR,25554,4,1,1,B,605794000001A1EA,3067
03:11:01:151775 20180108,TRADE,2_YEAR,25554,8,1,0,A,6057940000017486,3077
03:11:01:151775 20180108,TRADE,2_YEAR,25554,8,1,1,B,60579400000158B0,3078
03:20:41:554693 20180108,TRADE,2_YEAR,25554,1,1,0,A,60579400000174EB,3283
03:20:41:554693 20180108,TRADE,2_YEAR,25554,1,1,1,B,605794000001BBAA,3284
03:20:41:554916 20180108,TRADE,2_YEAR,25554,14,1,0,A,60579400000174EB,3289
03:20:41:554916 20180108,TRADE,2_YEAR,25554,80,1,1,B,605794000001BBAE,3290
03:20:41:554916 20180108,TRADE,2_YEAR,25554,66,1,0,A,6057940000017C21,3291
03:20:41:554974 20180108,TRADE,2_YEAR,25554,73,1,0,A,6057940000017C21,3294
03:20:41:554974 20180108,TRADE,2_YEAR,25554,73,1,1,B,605794000001BBB0,3295
03:20:41:555006 20180108,TRADE,2_YEAR,25554,6,1,0,A,6057940000017C21,3298
03:20:41:555006 20180108,TRADE,2_YEAR,25554,6,1,1,B,605794000001BBB1,3299
03:20:41:555041 20180108,TRADE,2_YEAR,25554,6,1,0,A,6057940000017C21,3302
03:20:41:555041 20180108,TRADE,2_YEAR,25554,6,1,1,B,605794000001BBB2,3303
03:20:41:555071 20180108,TRADE,2_YEAR,25554,60,1,0,A,6057940000017C21,3306
03:20:41:555071 20180108,TRADE,2_YEAR,25554,60,1,1,B,605794000001BBB3,3307
03:20:41:555102 20180108,TRADE,2_YEAR,25554,8,1,0,A,6057940000017C21,3310
03:20:41:555102 20180108,TRADE,2_YEAR,25554,8,1,1,B,605794000001BBB4,3311
03:20:41:555142 20180108,TRADE,2_YEAR,25554,21,1,0,A,6057940000017C21,3315
03:20:41:555142 20180108,TRADE,2_YEAR,25554,40,1,1,B,605794000001BBB5,3316
03:20:41:555142 20180108,TRADE,2_YEAR,25554,19,1,0,A,6057940000017C25,3317
03:20:41:555193 20180108,TRADE,2_YEAR,25554,6,1,0,A,6057940000017C25,3320
03:20:41:555193 20180108,TRADE,2_YEAR,25554,6,1,1,B,605794000001BBB8,3321
03:20:41:555220 20180108,TRADE,2_YEAR,25554,6,1,0,A,6057940000017C25,3324
03:20:41:555220 20180108,TRADE,2_YEAR,25554,6,1,1,B,605794000001BBB9,3325
03:20:41:555245 20180108,TRADE,2_YEAR,25554,6,1,0,A,6057940000017C25,3328
03:20:41:555245 20180108,TRADE,2_YEAR,25554,6,1,1,B,605794000001BBBA,3329
03:20:41:555286 20180108,TRADE,2_YEAR,25554,1,1,0,A,6057940000017C25,3332
03:20:41:555286 20180108,TRADE,2_YEAR,25554,1,1,1,B,605794000001BBBD,3333
03:20:41:555326 20180108,TRADE,2_YEAR,25554,1,1,0,A,6057940000017C25,3336
03:20:41:555326 20180108,TRADE,2_YEAR,25554,1,1,1,B,605794000001BBBF,3337
03:20:41:555353 20180108,TRADE,2_YEAR,25554,2,1,0,A,6057940000017C25,3340
03:20:41:555353 20180108,TRADE,2_YEAR,25554,2,1,1,B,605794000001BBC0,3341
03:33:30:793483 20180108,TRADE,2_YEAR,25556,1,1,0,A,6057940000012EB1,3782
03:33:30:793483 20180108,TRADE,2_YEAR,25556,1,1,1,B,605794000001EF2B,3783
03:49:04:970193 20180108,TRADE,2_YEAR,25556,1,1,0,A,6057940000012EB1,4209
03:49:04:970193 20180108,TRADE,2_YEAR,25556,39,1,1,B,60579400000226F3,4210
03:49:04:970193 20180108,TRADE,2_YEAR,25556,25,1,0,A,6057940000012FB7,4211
03:49:04:970193 20180108,TRADE,2_YEAR,25556,8,1,0,A,60579400000136CA,4212
03:49:04:970193 20180108,TRADE,2_YEAR,25556,5,1,0,A,6057940000013F07,4213
03:52:05:892253 20180108,TRADE,2_YEAR,25556,30,1,0,A,6057940000013F07,4508
03:52:05:892253 20180108,TRADE,2_YEAR,25556,50,1,1,B,6057940000024185,4509
03:52:05:892253 20180108,TRADE,2_YEAR,25556,1,1,0,A,6057940000019120,4510
03:52:05:892253 20180108,TRADE,2_YEAR,25556,2,1,0,A,6057940000021E37,4511
03:52:05:892253 20180108,TRADE,2_YEAR,25556,2,1,0,A,60579400000226F7,4512
03:52:05:892253 20180108,TRADE,2_YEAR,25556,1,1,0,A,6057940000022D3F,4513
03:52:05:892253 20180108,TRADE,2_YEAR,25556,14,1,0,A,6057940000022DCE,4514
03:53:18:003081 20180108,TRADE,2_YEAR,25556,2,1,0,A,605794000002419B,4604
03:53:18:003081 20180108,TRADE,2_YEAR,25556,22,1,1,B,60579400000247AA,4605
03:53:18:003081 20180108,TRADE,2_YEAR,25556,6,1,0,A,6057940000024246,4606
03:53:18:003081 20180108,TRADE,2_YEAR,25556,6,1,0,A,6057940000024248,4607
03:53:18:003081 20180108,TRADE,2_YEAR,25556,3,1,0,A,605794000002424A,4608
03:53:18:003081 20180108,TRADE,2_YEAR,25556,3,1,0,A,6057940000024389,4609
03:53:18:003081 20180108,TRADE,2_YEAR,25556,1,1,0,A,60579400000245C8,4610
03:53:18:003081 20180108,TRADE,2_YEAR,25556,1,1,0,A,60579400000246B7,4611
04:33:38:227316 20180108,TRADE,2_YEAR,25558,2,1,0,A,6057940000012170,6390
04:33:38:227316 20180108,TRADE,2_YEAR,25558,5,1,1,B,605794000002E388,6391
04:33:38:227316 20180108,TRADE,2_YEAR,25558,1,1,0,A,605794000002484A,6392
04:33:38:227316 20180108,TRADE,2_YEAR,25558,1,1,0,A,605794000002DF3E,6393
04:33:38:227316 20180108,TRADE,2_YEAR,25558,1,1,0,A,605794000002DF84,6394
04:33:38:231533 20180108,TRADE,2_YEAR,25558,1,1,0,A,605794000002E0C9,6401
04:33:38:231533 20180108,TRADE,2_YEAR,25558,3,1,1,B,605794000002E39F,6402
04:33:38:231533 20180108,TRADE,2_YEAR,25558,2,1,0,A,605794000002E2E0,6403
04:35:03:513050 20180108,TRADE,2_YEAR,25558,12,1,0,B,605794000002E39F,6663
04:35:03:513050 20180108,TRADE,2_YEAR,25558,40,1,1,A,605794000002F53E,6664
04:35:03:513050 20180108,TRADE,2_YEAR,25558,2,1,0,B,605794000002E3A9,6665
04:35:03:513050 20180108,TRADE,2_YEAR,25558,6,1,0,B,605794000002E3D8,6666
04:35:03:513050 20180108,TRADE,2_YEAR,25558,1,1,0,B,605794000002EB11,6667
04:35:03:513050 20180108,TRADE,2_YEAR,25558,2,1,0,B,605794000002EBE6,6668
04:35:03:513050 20180108,TRADE,2_YEAR,25558,3,1,0,B,605794000002EC0C,6669
04:35:03:513050 20180108,TRADE,2_YEAR,25558,2,1,0,B,605794000002EC75,6670
04:35:03:513050 20180108,TRADE,2_YEAR,25558,11,1,0,B,605794000002EC78,6671
04:35:03:513050 20180108,TRADE,2_YEAR,25558,1,1,0,B,605794000002EDBE,6672
04:36:54:634163 20180108,TRADE,2_YEAR,25558,1,1,0,B,605794000002EDBE,6759
04:36:54:634163 20180108,TRADE,2_YEAR,25558,40,1,1,A,605794000002FFB7,6760
04:36:54:634163 20180108,TRADE,2_YEAR,25558,3,1,0,B,605794000002EE1F,6761
04:36:54:634163 20180108,TRADE,2_YEAR,25558,2,1,0,B,605794000002EE22,6762
04:36:54:634163 20180108,TRADE,2_YEAR,25558,3,1,0,B,605794000002EE27,6763
04:36:54:634163 20180108,TRADE,2_YEAR,25558,1,1,0,B,605794000002EE2D,6764
04:36:54:634163 20180108,TRADE,2_YEAR,25558,2,1,0,B,605794000002EE34,6765
04:36:54:634163 20180108,TRADE,2_YEAR,25558,2,1,0,B,605794000002EE3D,6766
04:36:54:634163 20180108,TRADE,2_YEAR,25558,10,1,0,B,605794000002EE58,6767
04:36:54:634163 20180108,TRADE,2_YEAR,25558,5,1,0,B,605794000002F1CF,6768
04:36:54:634163 20180108,TRADE,2_YEAR,25558,6,1,0,B,605794000002F1D0,6769
04:36:54:634163 20180108,TRADE,2_YEAR,25558,5,1,0,B,605794000002F46E,6770
04:42:46:902068 20180108,TRADE,2_YEAR,25558,10,1,0,B,605794000002EE58,6983
04:42:46:902068 20180108,TRADE,2_YEAR,25558,50,1,1,A,605794000003183F,6984
04:42:46:902068 20180108,TRADE,2_YEAR,25558,16,1,0,B,605794000002F46E,6985
04:42:46:902068 20180108,TRADE,2_YEAR,25558,2,1,0,B,605794000002F551,6986
04:42:46:902068 20180108,TRADE,2_YEAR,25558,15,1,0,B,605794000002F55E,6987
04:42:46:902068 20180108,TRADE,2_YEAR,25558,7,1,0,B,605794000002F5FC,6988
04:42:46:902480 20180108,TRADE,2_YEAR,25558,9,1,0,B,605794000002F5FC,6993
04:42:46:902480 20180108,TRADE,2_YEAR,25558,9,1,1,A,605794000003184D,6994
04:42:46:902539 20180108,TRADE,2_YEAR,25558,6,1,0,B,605794000002F5FC,6997
04:42:46:902539 20180108,TRADE,2_YEAR,25558,6,1,1,A,6057940000031850,6998
04:42:46:902570 20180108,TRADE,2_YEAR,25558,3,1,0,B,605794000002F5FC,7002
04:42:46:902570 20180108,TRADE,2_YEAR,25558,4,1,1,A,6057940000031851,7003
04:42:46:902570 20180108,TRADE,2_YEAR,25558,1,1,0,B,605794000002FE06,7004
04:42:46:902734 20180108,TRADE,2_YEAR,25558,1,1,1,A,6057940000031853,7009
04:42:46:902734 20180108,TRADE,2_YEAR,25558,1,1,0,B,605794000003185C,7010
04:42:46:902775 20180108,TRADE,2_YEAR,25558,1,1,0,B,605794000003185C,7015
04:42:46:902775 20180108,TRADE,2_YEAR,25558,1,1,1,A,605794000003185F,7016
04:43:02:125816 20180108,TRADE,2_YEAR,25558,1,1,0,B,60579400000318B5,7066
04:43:02:125816 20180108,TRADE,2_YEAR,25558,1,1,1,A,60579400000319F4,7067
04:43:44:016922 20180108,TRADE,2_YEAR,25558,1,1,0,B,6057940000031AB4,7149
04:43:44:016922 20180108,TRADE,2_YEAR,25558,5,1,1,A,6057940000031D59,7150
04:43:44:016922 20180108,TRADE,2_YEAR,25558,2,1,0,B,6057940000031ABB,7151
04:43:44:016922 20180108,TRADE,2_YEAR,25558,2,1,0,B,6057940000031B14,7152
04:43:44:019101 20180108,TRADE,2_YEAR,25558,5,1,1,A,6057940000031D59,7164
04:43:44:019101 20180108,TRADE,2_YEAR,25558,5,1,0,B,6057940000031D71,7165
04:44:41:999103 20180108,TRADE,2_YEAR,25558,10,1,0,B,6057940000031D77,7226
04:44:41:999103 20180108,TRADE,2_YEAR,25558,10,1,1,A,6057940000032124,7227
04:47:53:775603 20180108,TRADE,2_YEAR,25558,2,1,0,B,6057940000031D88,7255
04:47:53:775603 20180108,TRADE,2_YEAR,25558,6,1,1,A,6057940000032B9F,7256
04:47:53:775603 20180108,TRADE,2_YEAR,25558,4,1,0,B,6057940000031FCC,7257
04:47:53:775712 20180108,TRADE,2_YEAR,25558,6,1,0,B,6057940000031FCC,7261
04:47:53:775712 20180108,TRADE,2_YEAR,25558,6,1,1,A,6057940000032BA9,7262
04:47:53:775744 20180108,TRADE,2_YEAR,25558,6,1,0,B,6057940000031FCC,7265
04:47:53:775744 20180108,TRADE,2_YEAR,25558,6,1,1,A,6057940000032BAA,7266
04:47:53:775784 20180108,TRADE,2_YEAR,25558,5,1,0,B,6057940000031FCC,7270
04:47:53:775784 20180108,TRADE,2_YEAR,25558,6,1,1,A,6057940000032BAD,7271
04:47:53:775784 20180108,TRADE,2_YEAR,25558,1,1,0,B,6057940000032130,7272
04:47:53:775842 20180108,TRADE,2_YEAR,25558,6,1,0,B,6057940000032130,7275
04:47:53:775842 20180108,TRADE,2_YEAR,25558,6,1,1,A,6057940000032BB3,7276
04:47:53:775898 20180108,TRADE,2_YEAR,25558,6,1,0,B,6057940000032130,7279
04:47:53:775898 20180108,TRADE,2_YEAR,25558,6,1,1,A,6057940000032BB9,7280
04:47:53:775923 20180108,TRADE,2_YEAR,25558,7,1,0,B,6057940000032130,7283
04:47:53:775923 20180108,TRADE,2_YEAR,25558,7,1,1,A,6057940000032BBA,7284
04:47:53:776063 20180108,TRADE,2_YEAR,25558,1,1,1,A,6057940000032BBC,7289
04:47:53:776063 20180108,TRADE,2_YEAR,25558,1,1,0,B,6057940000032BC6,7290
04:48:40:681978 20180108,TRADE,2_YEAR,25558,10,1,0,A,6057940000032CB9,7354
04:48:40:681978 20180108,TRADE,2_YEAR,25558,12,1,1,B,6057940000032EF8,7355
04:48:40:681978 20180108,TRADE,2_YEAR,25558,2,1,0,A,6057940000032CC6,7356
04:48:40:682058 20180108,TRADE,2_YEAR,25558,2,1,0,A,6057940000032D4E,7360
04:48:40:682058 20180108,TRADE,2_YEAR,25558,2,1,1,B,6057940000032EFC,7361
04:58:40:074783 20180108,TRADE,2_YEAR,25558,3,1,0,B,6057940000032EFD,7824
04:58:40:074783 20180108,TRADE,2_YEAR,25558,3,1,1,A,6057940000035064,7825
05:01:16:603336 20180108,TRADE,2_YEAR,25558,2,1,0,B,6057940000032F0B,8214
05:01:16:603336 20180108,TRADE,2_YEAR,25558,7,1,1,A,6057940000035F4A,8215
05:01:16:603336 20180108,TRADE,2_YEAR,25558,3,1,0,B,60579400000331BD,8216
05:01:16:603336 20180108,TRADE,2_YEAR,25558,2,1,0,B,6057940000033A3F,8217
05:01:55:114164 20180108,TRADE,2_YEAR,25558,3,1,0,B,6057940000034F07,8283
05:01:55:114164 20180108,TRADE,2_YEAR,25558,6,1,1,A,605794000003631A,8284
05:01:55:114164 20180108,TRADE,2_YEAR,25558,1,1,0,B,6057940000036247,8285
05:01:55:114164 20180108,TRADE,2_YEAR,25558,1,1,0,B,6057940000036292,8286
05:01:55:114164 20180108,TRADE,2_YEAR,25558,1,1,0,B,60579400000362CC,8287
05:01:55:114257 20180108,TRADE,2_YEAR,25558,5,1,0,B,60579400000362CC,8291
05:01:55:114257 20180108,TRADE,2_YEAR,25558,5,1,1,A,605794000003631E,8292
05:01:55:114547 20180108,TRADE,2_YEAR,25558,1,1,0,B,605794000003631F,8299
05:01:55:114547 20180108,TRADE,2_YEAR,25558,1,1,1,A,6057940000036348,8300
05:31:54:582989 20180108,TRADE,2_YEAR,25560,32,1,0,A,605794000000B4B2,9569
05:31:54:582989 20180108,TRADE,2_YEAR,25560,32,1,1,B,605794000003DEBE,9570
06:22:11:507226 20180108,TRADE,2_YEAR,25560,2,1,0,A,605794000000C337,10724
06:22:11:507226 20180108,TRADE,2_YEAR,25560,32,1,1,B,605794000004AAFF,10725
06:22:11:507226 20180108,TRADE,2_YEAR,25560,10,1,0,A,605794000000CA09,10726
06:22:11:507226 20180108,TRADE,2_YEAR,25560,6,1,0,A,605794000000F459,10727
06:22:11:507226 20180108,TRADE,2_YEAR,25560,1,1,0,A,6057940000019129,10728
06:22:11:507226 20180108,TRADE,2_YEAR,25560,8,1,0,A,605794000001AD9C,10729
06:22:11:507226 20180108,TRADE,2_YEAR,25560,5,1,0,A,60579400000214C0,10730
06:22:11:507418 20180108,TRADE,2_YEAR,25560,2,1,0,A,605794000000C337,10740
06:22:11:507418 20180108,TRADE,2_YEAR,25560,6,1,1,B,605794000004AB08,10741
06:22:11:507418 20180108,TRADE,2_YEAR,25560,4,1,0,A,605794000000CA09,10742
06:22:11:507495 20180108,TRADE,2_YEAR,25560,5,1,0,A,605794000000CA09,10745
06:22:11:507495 20180108,TRADE,2_YEAR,25560,5,1,1,B,605794000004AB0A,10746
06:22:11:507567 20180108,TRADE,2_YEAR,25560,1,1,0,A,605794000000CA09,10753
06:22:11:507567 20180108,TRADE,2_YEAR,25560,6,1,1,B,605794000004AB0E,10754
06:22:11:507567 20180108,TRADE,2_YEAR,25560,3,1,0,A,60579400000214C0,10755
06:22:11:507567 20180108,TRADE,2_YEAR,25560,2,1,0,A,605794000002158E,10756
06:22:11:507628 20180108,TRADE,2_YEAR,25560,4,1,0,A,6057940000021595,10759
06:22:11:507628 20180108,TRADE,2_YEAR,25560,4,1,1,B,605794000004AB10,10760
06:22:11:507652 20180108,TRADE,2_YEAR,25560,1,1,0,A,6057940000021595,10767
06:22:11:507652 20180108,TRADE,2_YEAR,25560,6,1,1,B,605794000004AB11,10768
06:22:11:507652 20180108,TRADE,2_YEAR,25560,1,1,0,A,60579400000485C8,10769
06:22:11:507652 20180108,TRADE,2_YEAR,25560,1,1,0,A,605794000004A8E3,10770
06:22:11:507652 20180108,TRADE,2_YEAR,25560,3,1,0,A,605794000004AB02,10771
06:22:11:515859 20180108,TRADE,2_YEAR,25560,5,1,1,B,605794000004AB11,10826
06:22:11:515859 20180108,TRADE,2_YEAR,25560,5,1,0,A,605794000004AB6A,10827
06:22:11:517347 20180108,TRADE,2_YEAR,25560,1,1,1,B,605794000004AB11,10834
06:22:11:517347 20180108,TRADE,2_YEAR,25560,3,1,0,A,605794000004AB77,10835
06:22:11:517347 20180108,TRADE,2_YEAR,25560,2,1,1,B,605794000004AB2F,10836
06:22:16:770716 20180108,TRADE,2_YEAR,25560,1,1,0,A,605794000004AB77,10871
06:22:16:770716 20180108,TRADE,2_YEAR,25560,1,1,1,B,605794000004ACB6,10872
06:22:16:854778 20180108,TRADE,2_YEAR,25560,1,1,0,A,605794000004AB77,10900
06:22:16:854778 20180108,TRADE,2_YEAR,25560,1,1,1,B,605794000004ACF7,10901
06:22:29:187208 20180108,TRADE,2_YEAR,25560,1,1,0,B,605794000004ADB3,10982
06:22:29:187208 20180108,TRADE,2_YEAR,25560,1,1,1,A,605794000004AE11,10983
06:22:29:188442 20180108,TRADE,2_YEAR,25560,6,1,0,B,605794000004ADFA,10989
06:22:29:188442 20180108,TRADE,2_YEAR,25560,6,1,1,A,605794000004AE16,10990
06:22:29:188509 20180108,TRADE,2_YEAR,25560,6,1,0,B,605794000004ADFA,10993
06:22:29:188509 20180108,TRADE,2_YEAR,25560,6,1,1,A,605794000004AE17,10994
06:22:29:222469 20180108,TRADE,2_YEAR,25560,2,1,1,A,605794000004AE2A,11004
06:22:29:222469 20180108,TRADE,2_YEAR,25560,2,1,0,B,605794000004AE2F,11005
06:22:34:793252 20180108,TRADE,2_YEAR,25560,10,1,0,A,605794000004AF86,11079
06:22:34:793252 20180108,TRADE,2_YEAR,25560,10,1,1,B,605794000004AFC1,11080
06:26:01:546772 20180108,TRADE,2_YEAR,25560,8,1,0,A,605794000004AF89,11131
06:26:01:546772 20180108,TRADE,2_YEAR,25560,40,1,1,B,605794000004B99D,11132
06:26:01:546772 20180108,TRADE,2_YEAR,25560,8,1,0,A,605794000004AF8A,11133
06:26:01:546772 20180108,TRADE,2_YEAR,25560,2,1,0,A,605794000004AF8B,11134
06:26:01:546772 20180108,TRADE,2_YEAR,25560,22,1,0,A,605794000004AF8C,11135
06:26:01:547108 20180108,TRADE,2_YEAR,25560,2,1,0,A,605794000004AF8C,11139
06:26:01:547108 20180108,TRADE,2_YEAR,25560,2,1,1,B,605794000004B9A3,11140
06:26:01:547238 20180108,TRADE,2_YEAR,25560,6,1,0,A,605794000004AF8C,11143
06:26:01:547238 20180108,TRADE,2_YEAR,25560,6,1,1,B,605794000004B9AF,11144
06:27:37:785118 20180108,TRADE,2_YEAR,25560,13,1,0,A,605794000004AFA7,11174
06:27:37:785118 20180108,TRADE,2_YEAR,25560,15,1,1,B,605794000004BE68,11175
06:27:37:785118 20180108,TRADE,2_YEAR,25560,2,1,0,A,605794000004B9C0,11176
06:28:34:867088 20180108,TRADE,2_YEAR,25560,8,1,0,B,605794000004BE6B,11483
06:28:34:867088 20180108,TRADE,2_YEAR,25560,75,1,1,A,605794000004CD10,11484
06:28:34:867088 20180108,TRADE,2_YEAR,25560,40,1,0,B,605794000004BE6E,11485
06:28:34:867088 20180108,TRADE,2_YEAR,25560,2,1,0,B,605794000004BE78,11486
06:28:34:867088 20180108,TRADE,2_YEAR,25560,2,1,0,B,605794000004BFF6,11487
06:28:34:867088 20180108,TRADE,2_YEAR,25560,1,1,0,B,605794000004C0A2,11488
06:28:34:867088 20180108,TRADE,2_YEAR,25560,2,1,0,B,605794000004C0A3,11489
06:28:34:867088 20180108,TRADE,2_YEAR,25560,9,1,0,B,605794000004C0C5,11490
06:28:34:867088 20180108,TRADE,2_YEAR,25560,1,1,0,B,605794000004C121,11491
06:28:34:867088 20180108,TRADE,2_YEAR,25560,1,1,0,B,605794000004C753,11492
06:28:34:867088 20180108,TRADE,2_YEAR,25560,6,1,0,B,605794000004C85E,11493
06:28:34:867088 20180108,TRADE,2_YEAR,25560,3,1,0,B,605794000004C862,11494
06:28:34:867502 20180108,TRADE,2_YEAR,25560,1,1,0,B,605794000004C8B0,11503
06:28:34:867502 20180108,TRADE,2_YEAR,25560,6,1,1,A,605794000004CD19,11504
06:28:34:867502 20180108,TRADE,2_YEAR,25560,4,1,0,B,605794000004C98D,11505
06:28:34:867502 20180108,TRADE,2_YEAR,25560,1,1,0,B,605794000004C98F,11506
06:28:34:867652 20180108,TRADE,2_YEAR,25560,1,1,0,B,605794000004C98F,11516
06:28:34:867652 20180108,TRADE,2_YEAR,25560,4,1,1,A,605794000004CD27,11517
06:28:34:867652 20180108,TRADE,2_YEAR,25560,3,1,0,B,605794000004C9EC,11518
06:28:34:869081 20180108,TRADE,2_YEAR,25560,2,1,1,A,605794000004CD2E,11541
06:28:34:869081 20180108,TRADE,2_YEAR,25560,2,1,0,B,605794000004CD4E,11542
06:34:33:570609 20180108,TRADE,2_YEAR,25560,1,1,0,B,605794000004CF1F,11714
06:34:33:570609 20180108,TRADE,2_YEAR,25560,1,1,1,A,605794000004E3CD,11715
06:35:48:660905 20180108,TRADE,2_YEAR,25560,1,1,0,B,605794000004CF1F,11732
06:35:48:660905 20180108,TRADE,2_YEAR,25560,1,1,1,A,605794000004E90C,11733
06:36:38:306166 20180108,TRADE,2_YEAR,25560,6,1,0,B,605794000004CF29,11775
06:36:38:306166 20180108,TRADE,2_YEAR,25560,29,1,1,A,605794000004EB70,11776
06:36:38:306166 20180108,TRADE,2_YEAR,25560,2,1,0,B,605794000004CF2C,11777
06:36:38:306166 20180108,TRADE,2_YEAR,25560,2,1,0,B,605794000004E91A,11778
06:36:38:306166 20180108,TRADE,2_YEAR,25560,1,1,0,B,605794000004E91B,11779
06:36:38:306166 20180108,TRADE,2_YEAR,25560,18,1,0,B,605794000004EAEF,11780
06:39:02:606808 20180108,TRADE,2_YEAR,25560,3,1,0,A,605794000004EB79,11923
06:39:02:606808 20180108,TRADE,2_YEAR,25560,3,1,1,B,605794000004F5BE,11924
06:39:31:464075 20180108,TRADE,2_YEAR,25560,3,1,0,A,605794000004EB79,12061
06:39:31:464075 20180108,TRADE,2_YEAR,25560,3,1,1,B,605794000004F818,12062
06:41:11:112811 20180108,TRADE,2_YEAR,25560,1,1,0,A,605794000004EB79,12162
06:41:11:112811 20180108,TRADE,2_YEAR,25560,1,1,1,B,6057940000050B56,12163
06:46:42:726398 20180108,TRADE,2_YEAR,25560,33,1,0,A,605794000004EB79,12249
06:46:42:726398 20180108,TRADE,2_YEAR,25560,35,1,1,B,6057940000051D57,12250
06:46:42:726398 20180108,TRADE,2_YEAR,25560,2,1,0,A,605794000004EBB9,12251
06:55:23:241790 20180108,TRADE,2_YEAR,25560,2,1,0,A,605794000004EBCB,12551
06:55:23:241790 20180108,TRADE,2_YEAR,25560,23,1,1,B,60579400000541E8,12552
06:55:23:241790 20180108,TRADE,2_YEAR,25560,21,1,0,A,6057940000051B96,12553
06:55:23:242374 20180108,TRADE,2_YEAR,25560,4,1,1,B,60579400000541E8,12571
06:55:23:242374 20180108,TRADE,2_YEAR,25560,4,1,0,A,60579400000541FE,12572
06:55:23:242394 20180108,TRADE,2_YEAR,25560,6,1,1,B,60579400000541E8,12575
06:55:23:242394 20180108,TRADE,2_YEAR,25560,6,1,0,A,60579400000541FF,12576
06:55:23:242411 20180108,TRADE,2_YEAR,25560,2,1,1,B,60579400000541E8,12579
06:55:23:242411 20180108,TRADE,2_YEAR,25560,2,1,0,A,6057940000054200,12580
06:55:23:242468 20180108,TRADE,2_YEAR,25560,1,1,1,B,60579400000541E8,12585
06:55:23:242468 20180108,TRADE,2_YEAR,25560,5,1,0,A,6057940000054202,12586
06:55:23:242468 20180108,TRADE,2_YEAR,25560,4,1,1,B,60579400000541FB,12587
06:55:42:321703 20180108,TRADE,2_YEAR,25560,6,1,0,A,6057940000054213,12659
06:55:42:321703 20180108,TRADE,2_YEAR,25560,15,1,1,B,605794000005449C,12660
06:55:42:321703 20180108,TRADE,2_YEAR,25560,2,1,0,A,6057940000054218,12661
06:55:42:321703 20180108,TRADE,2_YEAR,25560,7,1,0,A,605794000005432B,12662
06:59:56:269034 20180108,TRADE,2_YEAR,25560,1,1,0,B,60579400000544CB,12804
06:59:56:269034 20180108,TRADE,2_YEAR,25560,1,1,1,A,60579400000552FD,12805
07:00:07:563239 20180108,TRADE,2_YEAR,25560,3,1,0,A,6057940000055371,12846
07:00:07:563239 20180108,TRADE,2_YEAR,25560,3,1,1,B,6057940000055E48,12847
07:00:07:563451 20180108,TRADE,2_YEAR,25560,7,1,0,A,6057940000055371,12852
07:00:07:563451 20180108,TRADE,2_YEAR,25560,7,1,1,B,6057940000055E51,12853
07:00:07:563530 20180108,TRADE,2_YEAR,25560,1,1,0,A,6057940000055371,12856
07:00:07:563530 20180108,TRADE,2_YEAR,25560,1,1,1,B,6057940000055E53,12857
07:01:33:212573 20180108,TRADE,2_YEAR,25560,1,1,0,B,60579400000566A3,13916
07:01:33:212573 20180108,TRADE,2_YEAR,25560,1,1,1,A,60579400000576CA,13917
07:01:33:212656 20180108,TRADE,2_YEAR,25560,3,1,0,B,60579400000566AD,13922
07:01:33:212656 20180108,TRADE,2_YEAR,25560,3,1,1,A,60579400000576CE,13923
07:06:07:212836 20180108,TRADE,2_YEAR,25560,2,1,0,B,605794000005788F,14348
07:06:07:212836 20180108,TRADE,2_YEAR,25560,3,1,1,A,605794000005AD7A,14349
07:06:07:212836 20180108,TRADE,2_YEAR,25560,1,1,0,B,6057940000057F0A,14350
07:17:33:132394 20180108,TRADE,2_YEAR,25560,2,1,0,A,605794000005AD7F,15089
07:17:33:132394 20180108,TRADE,2_YEAR,25560,3,1,1,B,60579400000614B2,15090
07:17:33:132394 20180108,TRADE,2_YEAR,25560,1,1,0,A,605794000005AE03,15091
07:17:33:132775 20180108,TRADE,2_YEAR,25560,1,1,0,A,605794000005AD7F,15100
07:17:33:132775 20180108,TRADE,2_YEAR,25560,1,1,1,B,60579400000614DA,15101
07:17:47:151532 20180108,TRADE,2_YEAR,25560,6,1,0,A,605794000005AF3E,15135
07:17:47:151532 20180108,TRADE,2_YEAR,25560,50,1,1,B,605794000006172F,15136
07:17:47:151532 20180108,TRADE,2_YEAR,25560,17,1,0,A,605794000005B21C,15137
07:17:47:151532 20180108,TRADE,2_YEAR,25560,5,1,0,A,605794000006074A,15138
07:17:47:151532 20180108,TRADE,2_YEAR,25560,3,1,0,A,60579400000608A5,15139
07:17:47:151532 20180108,TRADE,2_YEAR,25560,2,1,0,A,6057940000061573,15140
07:17:47:151532 20180108,TRADE,2_YEAR,25560,2,1,0,A,6057940000061574,15141
07:17:47:151532 20180108,TRADE,2_YEAR,25560,12,1,0,A,6057940000061575,15142
07:17:47:151532 20180108,TRADE,2_YEAR,25560,1,1,0,A,6057940000061576,15143
07:17:47:151532 20180108,TRADE,2_YEAR,25560,2,1,0,A,6057940000061578,15144
07:17:47:151727 20180108,TRADE,2_YEAR,25560,2,1,0,A,6057940000061578,15149
07:17:47:151727 20180108,TRADE,2_YEAR,25560,6,1,1,B,6057940000061735,15150
07:17:47:151727 20180108,TRADE,2_YEAR,25560,4,1,0,A,6057940000061579,15151
07:17:47:154477 20180108,TRADE,2_YEAR,25560,2,1,1,B,6057940000061738,15180
07:17:47:154477 20180108,TRADE,2_YEAR,25560,2,1,0,A,605794000006176D,15181
07:17:47:154574 20180108,TRADE,2_YEAR,25560,6,1,1,B,6057940000061738,15184
07:17:47:154574 20180108,TRADE,2_YEAR,25560,6,1,0,A,605794000006176E,15185
07:17:47:154598 20180108,TRADE,2_YEAR,25560,3,1,1,B,6057940000061738,15188
07:17:47:154598 20180108,TRADE,2_YEAR,25560,3,1,0,A,605794000006176F,15189
07:18:06:998308 20180108,TRADE,2_YEAR,25560,10,1,0,B,60579400000618E0,15235
07:18:06:998308 20180108,TRADE,2_YEAR,25560,11,1,1,A,60579400000618F1,15236
07:18:06:998308 20180108,TRADE,2_YEAR,25560,1,1,0,B,60579400000618EB,15237
07:18:06:998382 20180108,TRADE,2_YEAR,25560,5,1,0,B,60579400000618EB,15241
07:18:06:998382 20180108,TRADE,2_YEAR,25560,5,1,1,A,60579400000618F4,15242
07:18:23:334927 20180108,TRADE,2_YEAR,25560,2,1,0,A,60579400000618F7,15280
07:18:23:334927 20180108,TRADE,2_YEAR,25560,2,1,1,B,6057940000061A27,15281
07:18:23:335224 20180108,TRADE,2_YEAR,25560,2,1,1,B,6057940000061A27,15291
07:18:23:335224 20180108,TRADE,2_YEAR,25560,2,1,0,A,6057940000061A36,15292
07:18:23:335294 20180108,TRADE,2_YEAR,25560,1,1,1,B,6057940000061A27,15296
07:18:23:335294 20180108,TRADE,2_YEAR,25560,1,1,0,A,6057940000061A39,15297
07:18:42:229152 20180108,TRADE,2_YEAR,25560,2,1,0,B,6057940000061BCA,15333
07:18:42:229152 20180108,TRADE,2_YEAR,25560,2,1,1,A,6057940000061BD7,15334
07:18:42:229190 20180108,TRADE,2_YEAR,25560,1,1,0,B,6057940000061BD6,15338
07:18:42:229190 20180108,TRADE,2_YEAR,25560,1,1,1,A,6057940000061BDA,15339
07:18:53:739008 20180108,TRADE,2_YEAR,25560,4,1,0,B,6057940000061CFE,15361
07:18:53:739008 20180108,TRADE,2_YEAR,25560,4,1,1,A,6057940000061D07,15362
07:18:53:739053 20180108,TRADE,2_YEAR,25560,4,1,0,B,6057940000061CFE,15366
07:18:53:739053 20180108,TRADE,2_YEAR,25560,4,1,1,A,6057940000061D0A,15367
07:18:53:739077 20180108,TRADE,2_YEAR,25560,2,1,0,B,6057940000061CFE,15370
07:18:53:739077 20180108,TRADE,2_YEAR,25560,2,1,1,A,6057940000061D0B,15371
07:19:05:748441 20180108,TRADE,2_YEAR,25560,2,1,0,B,60579400000620B2,15463
07:19:05:748441 20180108,TRADE,2_YEAR,25560,2,1,1,A,60579400000620CC,15464
07:19:05:775175 20180108,TRADE,2_YEAR,25560,1,1,0,B,605794000006212B,15499
07:19:05:775175 20180108,TRADE,2_YEAR,25560,1,1,1,A,6057940000062132,15500
07:19:41:145912 20180108,TRADE,2_YEAR,25560,14,1,0,A,6057940000062273,15588
07:19:41:145912 20180108,TRADE,2_YEAR,25560,16,1,1,B,60579400000624D9,15589
07:19:41:145912 20180108,TRADE,2_YEAR,25560,2,1,0,A,6057940000062284,15590
07:19:45:998332 20180108,TRADE,2_YEAR,25560,36,1,0,A,6057940000062273,15597
07:19:45:998332 20180108,TRADE,2_YEAR,25560,36,1,1,B,60579400000625AE,15598
07:19:49:725704 20180108,TRADE,2_YEAR,25560,1,1,0,B,60579400000625B5,15654
07:19:49:725704 20180108,TRADE,2_YEAR,25560,1,1,1,A,605794000006266F,15655
07:19:49:726579 20180108,TRADE,2_YEAR,25560,3,1,0,B,60579400000625B5,15669
07:19:49:726579 20180108,TRADE,2_YEAR,25560,7,1,1,A,6057940000062682,15670
07:19:49:726579 20180108,TRADE,2_YEAR,25560,4,1,0,B,60579400000625B8,15671
07:19:49:726698 20180108,TRADE,2_YEAR,25560,3,1,0,B,60579400000625B8,15681
07:19:49:726698 20180108,TRADE,2_YEAR,25560,13,1,1,A,6057940000062685,15682
07:19:49:726698 20180108,TRADE,2_YEAR,25560,4,1,0,B,60579400000625C2,15683
07:19:49:726698 20180108,TRADE,2_YEAR,25560,1,1,0,B,60579400000625E7,15684
07:19:49:726698 20180108,TRADE,2_YEAR,25560,1,1,0,B,60579400000625F3,15685
07:19:49:726698 20180108,TRADE,2_YEAR,25560,2,1,0,B,6057940000062678,15686
07:19:49:726698 20180108,TRADE,2_YEAR,25560,2,1,0,B,6057940000062679,15687
07:22:45:975287 20180108,TRADE,2_YEAR,25560,3,1,0,B,6057940000063A05,15999
07:22:45:975287 20180108,TRADE,2_YEAR,25560,8,1,1,A,6057940000063A1F,16000
07:22:45:975287 20180108,TRADE,2_YEAR,25560,2,1,0,B,6057940000063A08,16001
07:22:45:975287 20180108,TRADE,2_YEAR,25560,3,1,0,B,6057940000063A0C,16002
07:22:50:173638 20180108,TRADE,2_YEAR,25560,1,1,0,B,6057940000063B06,16054
07:22:50:173638 20180108,TRADE,2_YEAR,25560,1,1,1,A,6057940000063B25,16055
07:23:00:164811 20180108,TRADE,2_YEAR,25560,6,1,0,B,6057940000063CEF,16153
07:23:00:164811 20180108,TRADE,2_YEAR,25560,6,1,1,A,6057940000063CF2,16154
07:24:04:667243 20180108,TRADE,2_YEAR,25560,10,1,0,A,6057940000063DC0,16235
07:24:04:667243 20180108,TRADE,2_YEAR,25560,10,1,1,B,60579400000640FE,16236
07:24:04:667290 20180108,TRADE,2_YEAR,25560,8,1,0,A,6057940000063DC0,16240
07:24:04:667290 20180108,TRADE,2_YEAR,25560,8,1,1,B,6057940000064101,16241
07:29:27:011279 20180108,TRADE,2_YEAR,25560,1,1,0,A,6057940000063DC0,16626
07:29:27:011279 20180108,TRADE,2_YEAR,25560,1,1,1,B,6057940000066819,16627
07:34:47:749704 20180108,TRADE,2_YEAR,25560,12,1,0,A,6057940000063DC0,16961
07:34:47:749704 20180108,TRADE,2_YEAR,25560,16,1,1,B,6057940000068E26,16962
07:34:47:749704 20180108,TRADE,2_YEAR,25560,1,1,0,A,6057940000065B03,16963
07:34:47:749704 20180108,TRADE,2_YEAR,25560,3,1,0,A,6057940000068B7B,16964
07:34:47:749846 20180108,TRADE,2_YEAR,25560,1,1,0,A,6057940000063DC0,16968
07:34:47:749846 20180108,TRADE,2_YEAR,25560,1,1,1,B,6057940000068E2A,16969
07:34:47:749880 20180108,TRADE,2_YEAR,25560,3,1,0,A,6057940000063DC0,16972
07:34:47:749880 20180108,TRADE,2_YEAR,25560,3,1,1,B,6057940000068E2C,16973
07:34:58:529057 20180108,TRADE,2_YEAR,25560,2,1,0,B,6057940000068F61,17002
07:34:58:529057 20180108,TRADE,2_YEAR,25560,2,1,1,A,6057940000068F7A,17003
07:35:12:923768 20180108,TRADE,2_YEAR,25560,1,1,0,B,60579400000691BA,17071
07:35:12:923768 20180108,TRADE,2_YEAR,25560,1,1,1,A,60579400000691EE,17072
07:35:12:924395 20180108,TRADE,2_YEAR,25560,1,1,0,B,60579400000691BA,17076
07:35:12:924395 20180108,TRADE,2_YEAR,25560,1,1,1,A,60579400000691F5,17077
07:35:16:633275 20180108,TRADE,2_YEAR,25560,3,1,0,B,6057940000069393,17111
07:35:16:633275 20180108,TRADE,2_YEAR,25560,3,1,1,A,60579400000693ED,17112
07:35:16:638692 20180108,TRADE,2_YEAR,25560,1,1,0,B,6057940000069393,17116
07:35:16:638692 20180108,TRADE,2_YEAR,25560,1,1,1,A,60579400000693F2,17117
07:35:16:649833 20180108,TRADE,2_YEAR,25560,4,1,0,B,6057940000069393,17125
07:35:16:649833 20180108,TRADE,2_YEAR,25560,4,1,1,A,60579400000693F9,17126
07:35:16:657191 20180108,TRADE,2_YEAR,25560,2,1,0,B,6057940000069393,17135
07:35:16:657191 20180108,TRADE,2_YEAR,25560,8,1,1,A,60579400000693FE,17136
07:35:16:657191 20180108,TRADE,2_YEAR,25560,5,1,0,B,6057940000069398,17137
07:35:16:657191 20180108,TRADE,2_YEAR,25560,1,1,0,B,60579400000693D0,17138
07:35:16:667740 20180108,TRADE,2_YEAR,25560,2,1,1,A,60579400000693FE,17157
07:35:16:667740 20180108,TRADE,2_YEAR,25560,2,1,0,B,6057940000069419,17158
07:43:56:790572 20180108,TRADE,2_YEAR,25560,2,1,0,B,6057940000069477,17613
07:43:56:790572 20180108,TRADE,2_YEAR,25560,6,1,1,A,605794000006DDAA,17614
07:43:56:790572 20180108,TRADE,2_YEAR,25560,2,1,0,B,60579400000694AF,17615
07:43:56:790572 20180108,TRADE,2_YEAR,25560,2,1,0,B,60579400000694B1,17616
07:43:56:790651 20180108,TRADE,2_YEAR,25560,1,1,0,B,60579400000694B4,17630
07:43:56:790651 20180108,TRADE,2_YEAR,25560,130,1,1,A,605794000006DDB2,17631
07:43:56:790651 20180108,TRADE,2_YEAR,25560,2,1,0,B,60579400000694B7,17632
07:43:56:790651 20180108,TRADE,2_YEAR,25560,2,1,0,B,60579400000694BD,17633
07:43:56:790651 20180108,TRADE,2_YEAR,25560,1,1,0,B,60579400000694D2,17634
07:43:56:790651 20180108,TRADE,2_YEAR,25560,3,1,0,B,605794000006952C,17635
07:43:56:790651 20180108,TRADE,2_YEAR,25560,1,1,0,B,60579400000696EC,17636
07:43:56:790651 20180108,TRADE,2_YEAR,25560,3,1,0,B,6057940000069827,17637
07:43:56:790651 20180108,TRADE,2_YEAR,25560,1,1,0,B,6057940000069941,17638
07:43:56:790651 20180108,TRADE,2_YEAR,25560,25,1,0,B,605794000006A4E9,17639
07:43:56:790651 20180108,TRADE,2_YEAR,25560,3,1,0,B,605794000006D8FB,17640
07:43:56:790651 20180108,TRADE,2_YEAR,25560,88,1,0,B,605794000006DDA2,17641
07:44:03:394101 20180108,TRADE,2_YEAR,25560,8,1,0,A,605794000006DDC4,17753
07:44:03:394101 20180108,TRADE,2_YEAR,25560,46,1,1,B,605794000006E19E,17754
07:44:03:394101 20180108,TRADE,2_YEAR,25560,1,1,0,A,605794000006DDDC,17755
07:44:03:394101 20180108,TRADE,2_YEAR,25560,10,1,0,A,605794000006DDDE,17756
07:44:03:394101 20180108,TRADE,2_YEAR,25560,12,1,0,A,605794000006DDE4,17757
07:44:03:394101 20180108,TRADE,2_YEAR,25560,1,1,0,A,605794000006DDE6,17758
07:44:03:394101 20180108,TRADE,2_YEAR,25560,12,1,0,A,605794000006DDE7,17759
07:44:03:394101 20180108,TRADE,2_YEAR,25560,2,1,0,A,605794000006DDEC,17760
07:44:07:452938 20180108,TRADE,2_YEAR,25560,10,1,0,A,605794000006E12B,17783
07:44:07:452938 20180108,TRADE,2_YEAR,25560,12,1,1,B,605794000006E21C,17784
07:44:07:452938 20180108,TRADE,2_YEAR,25560,2,1,0,A,605794000006E1AE,17785
07:44:07:453082 20180108,TRADE,2_YEAR,25560,3,1,0,A,605794000006E216,17789
07:44:07:453082 20180108,TRADE,2_YEAR,25560,3,1,1,B,605794000006E220,17790
07:44:07:454206 20180108,TRADE,2_YEAR,25560,5,1,1,B,605794000006E222,17808
07:44:07:454206 20180108,TRADE,2_YEAR,25560,5,1,0,A,605794000006E238,17809
07:44:11:456000 20180108,TRADE,2_YEAR,25560,2,1,0,A,605794000006E273,17879
07:44:11:456000 20180108,TRADE,2_YEAR,25560,4,1,1,B,605794000006E2D6,17880
07:44:11:456000 20180108,TRADE,2_YEAR,25560,2,1,0,A,605794000006E274,17881
07:44:11:456280 20180108,TRADE,2_YEAR,25560,4,1,1,B,605794000006E2D6,17894
07:44:11:456280 20180108,TRADE,2_YEAR,25560,4,1,0,A,605794000006E2E7,17895
07:44:11:456299 20180108,TRADE,2_YEAR,25560,1,1,1,B,605794000006E2D6,17898
07:44:11:456299 20180108,TRADE,2_YEAR,25560,1,1,0,A,605794000006E2E8,17899
07:44:13:527117 20180108,TRADE,2_YEAR,25560,2,1,1,B,605794000006E391,17933
07:44:13:527117 20180108,TRADE,2_YEAR,25560,2,1,0,A,605794000006E396,17934
07:44:13:527266 20180108,TRADE,2_YEAR,25560,6,1,1,B,605794000006E391,17943
07:44:13:527266 20180108,TRADE,2_YEAR,25560,6,1,0,A,605794000006E3AA,17944
07:44:13:527289 20180108,TRADE,2_YEAR,25560,1,1,1,B,605794000006E391,17948
07:44:13:527289 20180108,TRADE,2_YEAR,25560,1,1,0,A,605794000006E3AC,17949
07:44:13:527423 20180108,TRADE,2_YEAR,25560,2,1,0,A,605794000006E3B9,17955
07:44:13:527423 20180108,TRADE,2_YEAR,25560,2,1,1,B,605794000006E3BC,17956
07:44:13:527556 20180108,TRADE,2_YEAR,25560,2,1,1,B,605794000006E3BC,17963
07:44:13:527556 20180108,TRADE,2_YEAR,25560,2,1,0,A,605794000006E3CF,17964
07:44:14:506686 20180108,TRADE,2_YEAR,25560,6,1,1,B,605794000006E468,18027
07:44:14:506686 20180108,TRADE,2_YEAR,25560,10,1,0,A,605794000006E4AC,18028
07:44:14:506686 20180108,TRADE,2_YEAR,25560,2,1,1,B,605794000006E480,18029
07:44:14:506686 20180108,TRADE,2_YEAR,25560,2,1,1,B,605794000006E483,18030
07:44:14:532785 20180108,TRADE,2_YEAR,25560,5,1,0,A,605794000006E4AC,18051
07:44:14:532785 20180108,TRADE,2_YEAR,25560,5,1,1,B,605794000006E4D7,18052
07:44:14:532812 20180108,TRADE,2_YEAR,25560,2,1,0,A,605794000006E4AC,18055
07:44:14:532812 20180108,TRADE,2_YEAR,25560,2,1,1,B,605794000006E4D8,18056
07:44:14:532828 20180108,TRADE,2_YEAR,25560,4,1,0,A,605794000006E4AC,18059
07:44:14:532828 20180108,TRADE,2_YEAR,25560,4,1,1,B,605794000006E4D9,18060
07:44:14:532841 20180108,TRADE,2_YEAR,25560,4,1,0,A,605794000006E4AC,18063
07:44:14:532841 20180108,TRADE,2_YEAR,25560,4,1,1,B,605794000006E4DA,18064
07:59:51:592382 20180108,TRADE,2_YEAR,25560,2,1,0,B,605794000006E504,18911
07:59:51:592382 20180108,TRADE,2_YEAR,25560,14,1,1,A,6057940000074438,18912
07:59:51:592382 20180108,TRADE,2_YEAR,25560,3,1,0,B,605794000006E50B,18913
07:59:51:592382 20180108,TRADE,2_YEAR,25560,5,1,0,B,605794000006E50C,18914
07:59:51:592382 20180108,TRADE,2_YEAR,25560,1,1,0,B,605794000006E532,18915
07:59:51:592382 20180108,TRADE,2_YEAR,25560,3,1,0,B,605794000006E546,18916
08:07:46:730174 20180108,TRADE,2_YEAR,25560,2,1,0,B,605794000006E548,19764
08:07:46:730174 20180108,TRADE,2_YEAR,25560,18,1,1,A,60579400000792FB,19765
08:07:46:730174 20180108,TRADE,2_YEAR,25560,2,1,0,B,605794000006E54B,19766
08:07:46:730174 20180108,TRADE,2_YEAR,25560,6,1,0,B,605794000006E54C,19767
08:07:46:730174 20180108,TRADE,2_YEAR,25560,1,1,0,B,605794000006E5C2,19768
08:07:46:730174 20180108,TRADE,2_YEAR,25560,7,1,0,B,605794000006E609,19769
08:07:50:831085 20180108,TRADE,2_YEAR,25560,7,1,0,B,6057940000072146,19807
08:07:50:831085 20180108,TRADE,2_YEAR,25560,7,1,1,A,6057940000079593,19808
08:08:17:450514 20180108,TRADE,2_YEAR,25560,7,1,0,B,6057940000072146,19825
08:08:17:450514 20180108,TRADE,2_YEAR,25560,7,1,1,A,605794000007970C,19826
08:08:17:450772 20180108,TRADE,2_YEAR,25560,1,1,0,B,6057940000072B9C,19845
08:08:17:450772 20180108,TRADE,2_YEAR,25560,32,1,1,A,6057940000079714,19846
08:08:17:450772 20180108,TRADE,2_YEAR,25560,2,1,0,B,6057940000073447,19847
08:08:17:450772 20180108,TRADE,2_YEAR,25560,2,1,0,B,605794000007390F,19848
08:08:17:450772 20180108,TRADE,2_YEAR,25560,3,1,0,B,6057940000073A39,19849
08:08:17:450772 20180108,TRADE,2_YEAR,25560,3,1,0,B,6057940000074442,19850
08:08:17:450772 20180108,TRADE,2_YEAR,25560,3,1,0,B,60579400000773B8,19851
08:08:17:450772 20180108,TRADE,2_YEAR,25560,4,1,0,B,60579400000788BD,19852
08:08:17:450772 20180108,TRADE,2_YEAR,25560,1,1,0,B,6057940000078A17,19853
08:08:17:450772 20180108,TRADE,2_YEAR,25560,2,1,0,B,6057940000079308,19854
08:08:17:450772 20180108,TRADE,2_YEAR,25560,2,1,0,B,605794000007930D,19855
08:08:17:450772 20180108,TRADE,2_YEAR,25560,2,1,0,B,605794000007930F,19856
08:08:17:450772 20180108,TRADE,2_YEAR,25560,2,1,0,B,6057940000079681,19857
08:08:17:450772 20180108,TRADE,2_YEAR,25560,5,1,0,B,60579400000796AC,19858
08:08:25:129625 20180108,TRADE,2_YEAR,25560,13,1,0,A,6057940000079727,19955
08:08:25:129625 20180108,TRADE,2_YEAR,25560,29,1,1,B,6057940000079864,19956
08:08:25:129625 20180108,TRADE,2_YEAR,25560,11,1,0,A,6057940000079755,19957
08:08:25:129625 20180108,TRADE,2_YEAR,25560,5,1,0,A,60579400000797D8,19958
08:08:25:129692 20180108,TRADE,2_YEAR,25560,11,1,0,A,6057940000079727,19962
08:08:25:129692 20180108,TRADE,2_YEAR,25560,11,1,1,B,6057940000079867,19963
08:22:31:221984 20180108,TRADE,2_YEAR,25560,6,1,0,B,6057940000079878,21219
08:22:31:221984 20180108,TRADE,2_YEAR,25560,10,1,1,A,6057940000082133,21220
08:22:31:221984 20180108,TRADE,2_YEAR,25560,3,1,0,B,605794000007988B,21221
08:22:31:221984 20180108,TRADE,2_YEAR,25560,1,1,0,B,605794000007988F,21222
08:30:18:886106 20180108,TRADE,2_YEAR,25562,12,1,0,A,605794000000B82D,22166
08:30:18:886106 20180108,TRADE,2_YEAR,25562,131,1,1,B,6057940000089C82,22167
08:30:18:886106 20180108,TRADE,2_YEAR,25562,2,1,0,A,605794000000C339,22168
08:30:18:886106 20180108,TRADE,2_YEAR,25562,10,1,0,A,605794000000CA11,22169
08:30:18:886106 20180108,TRADE,2_YEAR,25562,6,1,0,A,605794000000F45B,22170
08:30:18:886106 20180108,TRADE,2_YEAR,25562,12,1,0,A,605794000001DE29,22171
08:30:18:886106 20180108,TRADE,2_YEAR,25562,8,1,0,A,605794000004AB1A,22172
08:30:18:886106 20180108,TRADE,2_YEAR,25562,5,1,0,A,605794000005F303,22173
08:30:18:886106 20180108,TRADE,2_YEAR,25562,1,1,0,A,60579400000634C6,22174
08:30:18:886106 20180108,TRADE,2_YEAR,25562,7,1,0,A,60579400000641AD,22175
08:30:18:886106 20180108,TRADE,2_YEAR,25562,7,1,0,A,6057940000064553,22176
08:30:18:886106 20180108,TRADE,2_YEAR,25562,5,1,0,A,60579400000646F9,22177
08:30:18:886106 20180108,TRADE,2_YEAR,25562,2,1,0,A,6057940000068F77,22178
08:30:18:886106 20180108,TRADE,2_YEAR,25562,5,1,0,A,6057940000073082,22179
08:30:18:886106 20180108,TRADE,2_YEAR,25562,13,1,0,A,6057940000074437,22180
08:30:18:886106 20180108,TRADE,2_YEAR,25562,15,1,0,A,605794000007E28E,22181
08:30:18:886106 20180108,TRADE,2_YEAR,25562,1,1,0,A,6057940000084F72,22182
08:30:18:886106 20180108,TRADE,2_YEAR,25562,2,1,0,A,605794000008076A,22183
08:30:18:886106 20180108,TRADE,2_YEAR,25562,5,1,0,A,6057940000084421,22184
08:30:18:886106 20180108,TRADE,2_YEAR,25562,13,1,0,A,60579400000871AF,22185
08:30:18:886300 20180108,TRADE,2_YEAR,25562,2,1,0,A,605794000000CA11,22190
08:30:18:886300 20180108,TRADE,2_YEAR,25562,2,1,1,B,6057940000089C87,22191
08:30:18:886340 20180108,TRADE,2_YEAR,25562,8,1,0,A,605794000000CA11,22198
08:30:18:886340 20180108,TRADE,2_YEAR,25562,31,1,1,B,6057940000089C8B,22199
08:30:18:886340 20180108,TRADE,2_YEAR,25562,5,1,0,A,6057940000074437,22200
08:30:18:886340 20180108,TRADE,2_YEAR,25562,2,1,0,A,60579400000871AF,22201
08:30:18:886340 20180108,TRADE,2_YEAR,25562,8,1,0,A,60579400000896E8,22202
08:30:18:886340 20180108,TRADE,2_YEAR,25562,8,1,0,A,6057940000089BCA,22203
08:30:18:898147 20180108,TRADE,2_YEAR,25562,1,1,1,B,6057940000089C8D,22309
08:30:18:898147 20180108,TRADE,2_YEAR,25562,1,1,0,A,6057940000089D5B,22310
08:30:18:918401 20180108,TRADE,2_YEAR,25562,1,1,1,B,6057940000089C8D,22324
08:30:18:918401 20180108,TRADE,2_YEAR,25562,10,1,0,A,6057940000089DA3,22325
08:30:18:918401 20180108,TRADE,2_YEAR,25562,2,1,1,B,6057940000089C94,22326
08:30:18:918401 20180108,TRADE,2_YEAR,25562,1,1,1,B,6057940000089C96,22327
08:30:18:918401 20180108,TRADE,2_YEAR,25562,1,1,1,B,6057940000089C97,22328
08:30:18:918401 20180108,TRADE,2_YEAR,25562,2,1,1,B,6057940000089C98,22329
08:30:18:918401 20180108,TRADE,2_YEAR,25562,3,1,1,B,6057940000089C9A,22330
08:30:18:920895 20180108,TRADE,2_YEAR,25562,1,1,1,B,6057940000089C9E,22333
08:30:18:920895 20180108,TRADE,2_YEAR,25562,1,1,0,A,6057940000089DAB,22334
08:30:18:948881 20180108,TRADE,2_YEAR,25562,2,1,1,B,6057940000089C9E,22354
08:30:18:948881 20180108,TRADE,2_YEAR,25562,10,1,0,A,6057940000089DE9,22355
08:30:18:948881 20180108,TRADE,2_YEAR,25562,8,1,1,B,6057940000089CA2,22356
08:30:18:995345 20180108,TRADE,2_YEAR,25562,4,1,1,B,6057940000089CA2,22366
08:30:18:995345 20180108,TRADE,2_YEAR,25562,10,1,0,A,6057940000089E09,22367
08:30:18:995345 20180108,TRADE,2_YEAR,25562,6,1,1,B,6057940000089CB6,22368
08:30:19:027190 20180108,TRADE,2_YEAR,25562,10,1,1,B,6057940000089CB6,22375
08:30:19:027190 20180108,TRADE,2_YEAR,25562,10,1,0,A,6057940000089E15,22376
08:30:19:085554 20180108,TRADE,2_YEAR,25562,10,1,1,B,6057940000089CB6,22386
08:30:19:085554 20180108,TRADE,2_YEAR,25562,10,1,0,A,6057940000089E42,22387
08:30:19:143117 20180108,TRADE,2_YEAR,25562,10,1,1,B,6057940000089CB6,22395
08:30:19:143117 20180108,TRADE,2_YEAR,25562,10,1,0,A,6057940000089E4F,22396
08:30:19:202377 20180108,TRADE,2_YEAR,25562,4,1,1,B,6057940000089CB6,22402
08:30:19:202377 20180108,TRADE,2_YEAR,25562,6,1,0,A,6057940000089E5F,22403
08:30:19:202377 20180108,TRADE,2_YEAR,25562,2,1,1,B,6057940000089CBC,22404
08:30:24:979784 20180108,TRADE,2_YEAR,25562,6,1,0,B,6057940000089CBC,22464
08:30:24:979784 20180108,TRADE,2_YEAR,25562,20,1,1,A,605794000008A085,22465
08:30:24:979784 20180108,TRADE,2_YEAR,25562,8,1,0,B,6057940000089CD9,22466
08:30:24:979784 20180108,TRADE,2_YEAR,25562,6,1,0,B,6057940000089D10,22467
08:30:24:979880 20180108,TRADE,2_YEAR,25562,1,1,0,B,6057940000089D10,22472
08:30:24:979880 20180108,TRADE,2_YEAR,25562,1,1,1,A,605794000008A08A,22473
08:30:24:979897 20180108,TRADE,2_YEAR,25562,2,1,0,B,6057940000089D10,22478
08:30:24:979897 20180108,TRADE,2_YEAR,25562,12,1,1,A,605794000008A08B,22479
08:30:24:979897 20180108,TRADE,2_YEAR,25562,8,1,0,B,6057940000089D17,22480
08:30:24:979897 20180108,TRADE,2_YEAR,25562,2,1,0,B,6057940000089D22,22481
08:30:24:979926 20180108,TRADE,2_YEAR,25562,1,1,0,B,6057940000089D22,22485
08:30:24:979926 20180108,TRADE,2_YEAR,25562,13,1,1,A,605794000008A08C,22486
08:30:24:979926 20180108,TRADE,2_YEAR,25562,12,1,0,B,6057940000089D26,22487
08:30:24:980108 20180108,TRADE,2_YEAR,25562,1,1,0,B,6057940000089DF5,22497
08:30:24:980108 20180108,TRADE,2_YEAR,25562,12,1,1,A,605794000008A094,22498
08:30:24:980108 20180108,TRADE,2_YEAR,25562,1,1,0,B,6057940000089DDD,22499
08:30:24:980108 20180108,TRADE,2_YEAR,25562,4,1,0,B,6057940000089E7C,22500
08:30:24:980108 20180108,TRADE,2_YEAR,25562,2,1,0,B,605794000008A07C,22501
08:30:24:980108 20180108,TRADE,2_YEAR,25562,2,1,0,B,605794000008A07E,22502
08:30:24:980108 20180108,TRADE,2_YEAR,25562,2,1,0,B,605794000008A07F,22503
08:30:24:983498 20180108,TRADE,2_YEAR,25562,1,1,1,A,605794000008A09B,22537
08:30:24:983498 20180108,TRADE,2_YEAR,25562,1,1,0,B,605794000008A0C3,22538
08:30:24:984975 20180108,TRADE,2_YEAR,25562,8,1,1,A,605794000008A09B,22548
08:30:24:984975 20180108,TRADE,2_YEAR,25562,8,1,0,B,605794000008A0CF,22549
08:30:24:985151 20180108,TRADE,2_YEAR,25562,2,1,1,A,605794000008A09E,22554
08:30:24:985151 20180108,TRADE,2_YEAR,25562,2,1,0,B,605794000008A0D2,22555
08:30:24:985215 20180108,TRADE,2_YEAR,25562,4,1,1,A,605794000008A09E,22561
08:30:24:985215 20180108,TRADE,2_YEAR,25562,8,1,0,B,605794000008A0D4,22562
08:30:24:985215 20180108,TRADE,2_YEAR,25562,2,1,1,A,605794000008A0C7,22563
08:30:24:985215 20180108,TRADE,2_YEAR,25562,2,1,1,A,605794000008A0C8,22564
08:30:24:985315 20180108,TRADE,2_YEAR,25562,1,1,0,B,605794000008A0D6,22570
08:30:24:985315 20180108,TRADE,2_YEAR,25562,1,1,1,A,605794000008A0DA,22571
08:30:27:251210 20180108,TRADE,2_YEAR,25562,1,1,0,B,605794000008A0FF,22651
08:30:27:251210 20180108,TRADE,2_YEAR,25562,1,1,1,A,605794000008A205,22652
08:30:28:313106 20180108,TRADE,2_YEAR,25562,2,1,0,B,605794000008A12F,22659
08:30:28:313106 20180108,TRADE,2_YEAR,25562,3,1,1,A,605794000008A298,22660
08:30:28:313106 20180108,TRADE,2_YEAR,25562,1,1,0,B,605794000008A16F,22661
08:30:28:313138 20180108,TRADE,2_YEAR,25562,3,1,0,B,605794000008A16F,22664
08:30:28:313138 20180108,TRADE,2_YEAR,25562,3,1,1,A,605794000008A299,22665
08:30:28:313228 20180108,TRADE,2_YEAR,25562,1,1,0,B,605794000008A16F,22669
08:30:28:313228 20180108,TRADE,2_YEAR,25562,1,1,1,A,605794000008A29C,22670
08:30:28:313263 20180108,TRADE,2_YEAR,25562,1,1,0,B,605794000008A16F,22674
08:30:28:313263 20180108,TRADE,2_YEAR,25562,1,1,1,A,605794000008A29D,22675
08:30:28:474104 20180108,TRADE,2_YEAR,25562,2,1,1,A,605794000008A2A8,22709
08:30:28:474104 20180108,TRADE,2_YEAR,25562,3,1,0,B,605794000008A2E1,22710
08:30:28:474104 20180108,TRADE,2_YEAR,25562,1,1,1,A,605794000008A2AB,22711
08:30:28:474216 20180108,TRADE,2_YEAR,25562,1,1,1,A,605794000008A2AB,22714
08:30:28:474216 20180108,TRADE,2_YEAR,25562,1,1,0,B,605794000008A2E4,22715
08:30:28:474419 20180108,TRADE,2_YEAR,25562,2,1,0,B,605794000008A2E9,22726
08:30:28:474419 20180108,TRADE,2_YEAR,25562,3,1,1,A,605794000008A2F2,22727
08:30:28:474419 20180108,TRADE,2_YEAR,25562,1,1,0,B,605794000008A2EC,22728
08:30:28:478173 20180108,TRADE,2_YEAR,25562,2,1,1,A,605794000008A308,22759
08:30:28:478173 20180108,TRADE,2_YEAR,25562,4,1,0,B,605794000008A31A,22760
08:30:28:478173 20180108,TRADE,2_YEAR,25562,2,1,1,A,605794000008A310,22761
08:30:28:478341 20180108,TRADE,2_YEAR,25562,1,1,0,B,605794000008A320,22772
08:30:28:478341 20180108,TRADE,2_YEAR,25562,1,1,1,A,605794000008A328,22773
08:30:35:089287 20180108,TRADE,2_YEAR,25562,2,1,0,A,605794000008A344,22819
08:30:35:089287 20180108,TRADE,2_YEAR,25562,2,1,1,B,605794000008A40C,22820
08:30:40:000742 20180108,TRADE,2_YEAR,25562,4,1,0,A,605794000008A4AE,22894
08:30:40:000742 20180108,TRADE,2_YEAR,25562,4,1,1,B,605794000008A58D,22895
08:30:40:005003 20180108,TRADE,2_YEAR,25562,2,1,0,A,605794000008A5A1,22924
08:30:40:005003 20180108,TRADE,2_YEAR,25562,2,1,1,B,605794000008A5BC,22925
08:30:40:581292 20180108,TRADE,2_YEAR,25562,1,1,0,A,605794000008A5B2,22938
08:30:40:581292 20180108,TRADE,2_YEAR,25562,1,1,1,B,605794000008A5DD,22939
08:30:41:738975 20180108,TRADE,2_YEAR,25562,1,1,0,A,605794000008A5FB,22980
08:30:41:738975 20180108,TRADE,2_YEAR,25562,1,1,1,B,605794000008A649,22981
08:30:41:739344 20180108,TRADE,2_YEAR,25562,2,1,1,B,605794000008A654,22992
08:30:41:739344 20180108,TRADE,2_YEAR,25562,2,1,0,A,605794000008A656,22993
08:30:42:605917 20180108,TRADE,2_YEAR,25562,1,1,0,A,605794000008A671,23025
08:30:42:605917 20180108,TRADE,2_YEAR,25562,1,1,1,B,605794000008A6A7,23026
08:30:43:563563 20180108,TRADE,2_YEAR,25562,1,1,0,A,605794000008A671,23029
08:30:43:563563 20180108,TRADE,2_YEAR,25562,1,1,1,B,605794000008A6BF,23030
08:30:43:624813 20180108,TRADE,2_YEAR,25562,2,1,0,A,605794000008A6CD,23053
08:30:43:624813 20180108,TRADE,2_YEAR,25562,4,1,1,B,605794000008A6F8,23054
08:30:43:624813 20180108,TRADE,2_YEAR,25562,2,1,0,A,605794000008A6CF,23055
08:30:45:156029 20180108,TRADE,2_YEAR,25562,6,1,1,B,605794000008A6F8,23087
08:30:45:156029 20180108,TRADE,2_YEAR,25562,9,1,0,A,605794000008A788,23088
08:30:45:156029 20180108,TRADE,2_YEAR,25562,3,1,1,B,605794000008A744,23089
08:30:53:340992 20180108,TRADE,2_YEAR,25562,8,1,0,A,605794000008A789,23136
08:30:53:340992 20180108,TRADE,2_YEAR,25562,13,1,1,B,605794000008A8A5,23137
08:30:53:340992 20180108,TRADE,2_YEAR,25562,2,1,0,A,605794000008A799,23138
08:30:53:340992 20180108,TRADE,2_YEAR,25562,2,1,0,A,605794000008A79A,23139
08:30:53:340992 20180108,TRADE,2_YEAR,25562,1,1,0,A,605794000008A79C,23140
08:30:53:341230 20180108,TRADE,2_YEAR,25562,2,1,0,A,605794000008A79C,23147
08:30:53:341230 20180108,TRADE,2_YEAR,25562,12,1,1,B,605794000008A8AA,23148
08:30:53:341230 20180108,TRADE,2_YEAR,25562,2,1,0,A,605794000008A79F,23149
08:30:53:341230 20180108,TRADE,2_YEAR,25562,2,1,0,A,605794000008A7A2,23150
08:30:53:341230 20180108,TRADE,2_YEAR,25562,6,1,0,A,605794000008A7A5,23151
08:30:53:346476 20180108,TRADE,2_YEAR,25562,4,1,0,A,605794000008A8B4,23170
08:30:53:346476 20180108,TRADE,2_YEAR,25562,6,1,1,B,605794000008A8CA,23171
08:30:53:346476 20180108,TRADE,2_YEAR,25562,2,1,0,A,605794000008A8BB,23172
08:32:28:650692 20180108,TRADE,2_YEAR,25562,2,1,0,B,605794000008A8CA,23323
08:32:28:650692 20180108,TRADE,2_YEAR,25562,5,1,1,A,605794000008B25A,23324
08:32:28:650692 20180108,TRADE,2_YEAR,25562,3,1,0,B,605794000008A965,23325
08:36:56:676080 20180108,TRADE,2_YEAR,25562,16,1,0,B,605794000008A979,23781
08:36:56:676080 20180108,TRADE,2_YEAR,25562,18,1,1,A,605794000008EA8E,23782
08:36:56:676080 20180108,TRADE,2_YEAR,25562,2,1,0,B,605794000008A97A,23783
08:37:17:623220 20180108,TRADE,2_YEAR,25562,1,1,0,B,605794000008A97A,23875
08:37:17:623220 20180108,TRADE,2_YEAR,25562,1,1,1,A,605794000008F4E6,23876
08:37:34:975128 20180108,TRADE,2_YEAR,25562,2,1,0,B,605794000008A9E0,23900
08:37:34:975128 20180108,TRADE,2_YEAR,25562,3,1,1,A,605794000008F6E0,23901
08:37:34:975128 20180108,TRADE,2_YEAR,25562,1,1,0,B,605794000008AC2F,23902
08:37:34:975241 20180108,TRADE,2_YEAR,25562,3,1,0,B,605794000008AC2F,23907
08:37:34:975241 20180108,TRADE,2_YEAR,25562,3,1,1,A,605794000008F6E9,23908
08:37:34:975296 20180108,TRADE,2_YEAR,25562,12,1,0,B,605794000008AC2F,23912
08:37:34:975296 20180108,TRADE,2_YEAR,25562,15,1,1,A,605794000008F6EB,23913
08:37:34:975296 20180108,TRADE,2_YEAR,25562,3,1,0,B,605794000008AEB5,23914
08:37:34:975411 20180108,TRADE,2_YEAR,25562,11,1,0,B,605794000008AEB5,23918
08:37:34:975411 20180108,TRADE,2_YEAR,25562,25,1,1,A,605794000008F6EF,23919
08:37:34:975411 20180108,TRADE,2_YEAR,25562,14,1,0,B,605794000008B576,23920
08:37:34:975447 20180108,TRADE,2_YEAR,25562,6,1,0,B,605794000008B576,23923
08:37:34:975447 20180108,TRADE,2_YEAR,25562,6,1,1,A,605794000008F6F1,23924
08:37:34:975463 20180108,TRADE,2_YEAR,25562,4,1,0,B,605794000008B576,23927
08:37:34:975463 20180108,TRADE,2_YEAR,25562,4,1,1,A,605794000008F6F2,23928
08:37:34:975478 20180108,TRADE,2_YEAR,25562,1,1,0,B,605794000008B576,23931
08:37:34:975478 20180108,TRADE,2_YEAR,25562,1,1,1,A,605794000008F6F3,23932
08:37:34:975493 20180108,TRADE,2_YEAR,25562,1,1,0,B,605794000008B576,23935
08:37:34:975493 20180108,TRADE,2_YEAR,25562,1,1,1,A,605794000008F6F4,23936
08:37:34:975529 20180108,TRADE,2_YEAR,25562,11,1,0,B,605794000008B576,23939
08:37:34:975529 20180108,TRADE,2_YEAR,25562,11,1,1,A,605794000008F6F9,23940
08:37:34:975597 20180108,TRADE,2_YEAR,25562,5,1,0,B,605794000008B576,23944
08:37:34:975597 20180108,TRADE,2_YEAR,25562,5,1,1,A,605794000008F702,23945
08:37:34:975611 20180108,TRADE,2_YEAR,25562,3,1,0,B,605794000008B576,23948
08:37:34:975611 20180108,TRADE,2_YEAR,25562,3,1,1,A,605794000008F703,23949
08:37:34:975714 20180108,TRADE,2_YEAR,25562,2,1,0,B,605794000008B576,23952
08:37:34:975714 20180108,TRADE,2_YEAR,25562,2,1,1,A,605794000008F70D,23953
08:37:34:975729 20180108,TRADE,2_YEAR,25562,6,1,0,B,605794000008B576,23956
08:37:34:975729 20180108,TRADE,2_YEAR,25562,6,1,1,A,605794000008F70E,23957
08:37:34:975743 20180108,TRADE,2_YEAR,25562,9,1,0,B,605794000008B576,23961
08:37:34:975743 20180108,TRADE,2_YEAR,25562,11,1,1,A,605794000008F70F,23962
08:37:34:975743 20180108,TRADE,2_YEAR,25562,2,1,0,B,605794000008A71B,23963
08:37:41:125846 20180108,TRADE,2_YEAR,25562,1,1,0,A,605794000008F71C,24038
08:37:41:125846 20180108,TRADE,2_YEAR,25562,1,1,1,B,605794000008F8D5,24039
08:37:41:129438 20180108,TRADE,2_YEAR,25562,3,1,0,A,605794000008F733,24052
08:37:41:129438 20180108,TRADE,2_YEAR,25562,4,1,1,B,605794000008F8E1,24053
08:37:41:129438 20180108,TRADE,2_YEAR,25562,1,1,0,A,605794000008F743,24054
08:37:41:129545 20180108,TRADE,2_YEAR,25562,1,1,0,A,605794000008F729,24058
08:37:41:129545 20180108,TRADE,2_YEAR,25562,1,1,1,B,605794000008F8E4,24059
08:37:41:130987 20180108,TRADE,2_YEAR,25562,3,1,0,A,605794000008F77B,24065
08:37:41:130987 20180108,TRADE,2_YEAR,25562,3,1,1,B,605794000008F8E8,24066
08:37:41:133945 20180108,TRADE,2_YEAR,25562,2,1,0,A,605794000008F77B,24069
08:37:41:133945 20180108,TRADE,2_YEAR,25562,2,1,1,B,605794000008F8EA,24070
08:37:41:135073 20180108,TRADE,2_YEAR,25562,1,1,0,A,605794000008F77B,24073
08:37:41:135073 20180108,TRADE,2_YEAR,25562,1,1,1,B,605794000008F8EC,24074
08:37:41:137576 20180108,TRADE,2_YEAR,25562,1,1,0,A,605794000008F77B,24077
08:37:41:137576 20180108,TRADE,2_YEAR,25562,1,1,1,B,605794000008F8EE,24078
08:37:42:937779 20180108,TRADE,2_YEAR,25562,1,1,0,A,605794000008F77B,24091
08:37:42:937779 20180108,TRADE,2_YEAR,25562,1,1,1,B,605794000008F92A,24092
08:37:42:940970 20180108,TRADE,2_YEAR,25562,1,1,0,A,605794000008F77B,24096
08:37:42:940970 20180108,TRADE,2_YEAR,25562,1,1,1,B,605794000008F92D,24097
08:37:42:944643 20180108,TRADE,2_YEAR,25562,1,1,0,A,605794000008F784,24100
08:37:42:944643 20180108,TRADE,2_YEAR,25562,1,1,1,B,605794000008F92F,24101
08:37:43:381185 20180108,TRADE,2_YEAR,25562,1,1,0,A,605794000008F784,24104
08:37:43:381185 20180108,TRADE,2_YEAR,25562,1,1,1,B,605794000008F93A,24105
08:37:43:385079 20180108,TRADE,2_YEAR,25562,1,1,0,A,605794000008F784,24110
08:37:43:385079 20180108,TRADE,2_YEAR,25562,1,1,1,B,605794000008F93F,24111
08:37:43:385252 20180108,TRADE,2_YEAR,25562,4,1,0,A,605794000008F784,24114
08:37:43:385252 20180108,TRADE,2_YEAR,25562,4,1,1,B,605794000008F941,24115
08:37:46:505170 20180108,TRADE,2_YEAR,25562,1,1,0,A,605794000008F784,24138
08:37:46:505170 20180108,TRADE,2_YEAR,25562,1,1,1,B,605794000008FA4D,24139
08:37:46:505207 20180108,TRADE,2_YEAR,25562,8,1,0,A,605794000008F784,24143
08:37:46:505207 20180108,TRADE,2_YEAR,25562,8,1,1,B,605794000008FA50,24144
08:37:46:505365 20180108,TRADE,2_YEAR,25562,2,1,0,A,605794000008F784,24156
08:37:46:505365 20180108,TRADE,2_YEAR,25562,12,1,1,B,605794000008FA54,24157
08:37:46:505365 20180108,TRADE,2_YEAR,25562,2,1,0,A,605794000008F886,24158
08:37:46:505365 20180108,TRADE,2_YEAR,25562,1,1,0,A,605794000008F89F,24159
08:37:46:505365 20180108,TRADE,2_YEAR,25562,1,1,0,A,605794000008F8BD,24160
08:37:46:505365 20180108,TRADE,2_YEAR,25562,1,1,0,A,605794000008F8E5,24161
08:37:46:505365 20180108,TRADE,2_YEAR,25562,3,1,0,A,605794000008F729,24162
08:37:46:505365 20180108,TRADE,2_YEAR,25562,1,1,0,A,605794000008F8F1,24163
08:37:46:505365 20180108,TRADE,2_YEAR,25562,1,1,0,A,605794000008F8F9,24164
08:58:55:405703 20180108,TRADE,2_YEAR,25562,1,1,0,A,605794000008F8BD,25949
08:58:55:405703 20180108,TRADE,2_YEAR,25562,3,1,1,B,605794000009D9CE,25950
08:58:55:405703 20180108,TRADE,2_YEAR,25562,1,1,0,A,605794000008F8F9,25951
08:58:55:405703 20180108,TRADE,2_YEAR,25562,1,1,0,A,605794000008F990,25952
08:59:07:878455 20180108,TRADE,2_YEAR,25562,1,1,0,A,605794000008F990,26072
08:59:07:878455 20180108,TRADE,2_YEAR,25562,1,1,1,B,605794000009DED4,26073
09:35:59:383976 20180108,TRADE,2_YEAR,25560,6,1,0,B,6057940000079903,29065
09:35:59:383976 20180108,TRADE,2_YEAR,25560,6,1,1,A,60579400000B568C,29066
09:35:59:384074 20180108,TRADE,2_YEAR,25560,3,1,0,B,6057940000079903,29071
09:35:59:384074 20180108,TRADE,2_YEAR,25560,3,1,1,A,60579400000B5690,29072
09:35:59:384139 20180108,TRADE,2_YEAR,25560,4,1,0,B,6057940000079903,29077
09:35:59:384139 20180108,TRADE,2_YEAR,25560,4,1,1,A,60579400000B5694,29078
09:35:59:389670 20180108,TRADE,2_YEAR,25560,1,1,0,B,6057940000079903,29085
09:35:59:389670 20180108,TRADE,2_YEAR,25560,1,1,1,A,60579400000B56AD,29086
09:35:59:389835 20180108,TRADE,2_YEAR,25560,3,1,0,B,6057940000079903,29091
09:35:59:389835 20180108,TRADE,2_YEAR,25560,3,1,1,A,60579400000B56B7,29092
09:36:06:102556 20180108,TRADE,2_YEAR,25560,1,1,0,B,6057940000079C74,29184
09:36:06:102556 20180108,TRADE,2_YEAR,25560,7,1,1,A,60579400000B5E27,29185
09:36:06:102556 20180108,TRADE,2_YEAR,25560,2,1,0,B,605794000007A2CB,29186
09:36:06:102556 20180108,TRADE,2_YEAR,25560,4,1,0,B,605794000007A348,29187
09:36:06:102648 20180108,TRADE,2_YEAR,25560,2,1,0,B,605794000007A348,29192
09:36:06:102648 20180108,TRADE,2_YEAR,25560,2,1,1,A,60579400000B5E2C,29193
09:36:06:107302 20180108,TRADE,2_YEAR,25560,4,1,0,B,605794000007A348,29200
09:36:06:107302 20180108,TRADE,2_YEAR,25560,6,1,1,A,60579400000B5E35,29201
09:36:06:107302 20180108,TRADE,2_YEAR,25560,2,1,0,B,605794000007AA99,29202
09:36:06:107358 20180108,TRADE,2_YEAR,25560,1,1,0,B,605794000007AA99,29207
09:36:06:107358 20180108,TRADE,2_YEAR,25560,8,1,1,A,60579400000B5E38,29208
09:36:06:107358 20180108,TRADE,2_YEAR,25560,1,1,0,B,605794000007AA9C,29209
09:36:06:107358 20180108,TRADE,2_YEAR,25560,6,1,0,B,605794000007A959,29210
09:36:06:107401 20180108,TRADE,2_YEAR,25560,4,1,0,B,605794000007A959,29215
09:36:06:107401 20180108,TRADE,2_YEAR,25560,8,1,1,A,60579400000B5E3A,29216
09:36:06:107401 20180108,TRADE,2_YEAR,25560,2,1,0,B,605794000007B0BB,29217
09:36:06:107401 20180108,TRADE,2_YEAR,25560,2,1,0,B,605794000008126E,29218
09:36:06:499331 20180108,TRADE,2_YEAR,25560,1,1,0,B,605794000007AB58,29259
09:36:06:499331 20180108,TRADE,2_YEAR,25560,5,1,1,A,60579400000B5E93,29260
09:36:06:499331 20180108,TRADE,2_YEAR,25560,2,1,0,B,605794000007ACA6,29261
09:36:06:499331 20180108,TRADE,2_YEAR,25560,2,1,0,B,605794000007B0BB,29262
09:36:10:910699 20180108,TRADE,2_YEAR,25560,2,1,0,B,605794000007B0BB,29374
09:36:10:910699 20180108,TRADE,2_YEAR,25560,17,1,1,A,60579400000B6290,29375
09:36:10:910699 20180108,TRADE,2_YEAR,25560,2,1,0,B,605794000007B107,29376
09:36:10:910699 20180108,TRADE,2_YEAR,25560,2,1,0,B,605794000007B116,29377
09:36:10:910699 20180108,TRADE,2_YEAR,25560,1,1,0,B,6057940000089E86,29378
09:36:10:910699 20180108,TRADE,2_YEAR,25560,2,1,0,B,605794000008A326,29379
09:36:10:910699 20180108,TRADE,2_YEAR,25560,8,1,0,B,605794000008F734,29380
09:37:38:957762 20180108,TRADE,2_YEAR,25560,5,1,0,B,6057940000093DDE,30007
09:37:38:957762 20180108,TRADE,2_YEAR,25560,6,1,1,A,60579400000B8AB4,30008
09:37:38:957762 20180108,TRADE,2_YEAR,25560,1,1,0,B,6057940000096B84,30009
09:44:01:521817 20180108,TRADE,2_YEAR,25560,20,1,0,B,6057940000093DDE,31879
09:44:01:521817 20180108,TRADE,2_YEAR,25560,283,1,1,A,60579400000C15FB,31880
09:44:01:521817 20180108,TRADE,2_YEAR,25560,9,1,0,B,6057940000096B84,31881
09:44:01:521817 20180108,TRADE,2_YEAR,25560,3,1,0,B,6057940000096F0E,31882
09:44:01:521817 20180108,TRADE,2_YEAR,25560,42,1,0,B,6057940000098D45,31883
09:44:01:521817 20180108,TRADE,2_YEAR,25560,2,1,0,B,6057940000098D4E,31884
09:44:01:521817 20180108,TRADE,2_YEAR,25560,1,1,0,B,6057940000098E22,31885
09:44:01:521817 20180108,TRADE,2_YEAR,25560,2,1,0,B,6057940000098E2A,31886
09:44:01:521817 20180108,TRADE,2_YEAR,25560,12,1,0,B,605794000009A547,31887
09:44:01:521817 20180108,TRADE,2_YEAR,25560,25,1,0,B,60579400000A4E07,31888
09:44:01:521817 20180108,TRADE,2_YEAR,25560,50,1,0,B,60579400000B8DEB,31889
09:44:01:521817 20180108,TRADE,2_YEAR,25560,20,1,0,B,60579400000A75D0,31890
09:44:01:521817 20180108,TRADE,2_YEAR,25560,4,1,0,B,60579400000A7618,31891
09:44:01:521817 20180108,TRADE,2_YEAR,25560,1,1,0,B,60579400000AB2F2,31892
09:44:01:521817 20180108,TRADE,2_YEAR,25560,3,1,0,B,60579400000AE2C5,31893
09:44:01:521817 20180108,TRADE,2_YEAR,25560,6,1,0,B,60579400000AF713,31894
09:44:01:521817 20180108,TRADE,2_YEAR,25560,8,1,0,B,60579400000B43EE,31895
09:44:01:521817 20180108,TRADE,2_YEAR,25560,1,1,0,B,60579400000B5E31,31896
09:44:01:521817 20180108,TRADE,2_YEAR,25560,12,1,0,B,60579400000B5FC0,31897
09:44:01:521817 20180108,TRADE,2_YEAR,25560,1,1,0,B,60579400000B61D2,31898
09:44:01:521817 20180108,TRADE,2_YEAR,25560,8,1,0,B,60579400000B6295,31899
09:44:01:521817 20180108,TRADE,2_YEAR,25560,5,1,0,B,60579400000B8AC6,31900
09:44:01:521817 20180108,TRADE,2_YEAR,25560,1,1,0,B,60579400000B8BB8,31901
09:44:01:521817 20180108,TRADE,2_YEAR,25560,5,1,0,B,60579400000B95DE,31902
09:44:01:521817 20180108,TRADE,2_YEAR,25560,3,1,0,B,60579400000BDA85,31903
09:44:01:521817 20180108,TRADE,2_YEAR,25560,2,1,0,B,60579400000BDF58,31904
09:44:01:521817 20180108,TRADE,2_YEAR,25560,6,1,0,B,60579400000BEDCF,31905
09:44:01:521817 20180108,TRADE,2_YEAR,25560,2,1,0,B,60579400000C0751,31906
09:44:01:521817 20180108,TRADE,2_YEAR,25560,10,1,0,B,60579400000C07D1,31907
09:44:01:521817 20180108,TRADE,2_YEAR,25560,10,1,0,B,60579400000BFFDF,31908
09:44:01:521817 20180108,TRADE,2_YEAR,25560,1,1,0,B,60579400000C0B22,31909
09:44:01:521817 20180108,TRADE,2_YEAR,25560,8,1,0,B,60579400000C1448,31910
09:44:01:540051 20180108,TRADE,2_YEAR,25560,5,1,1,A,60579400000C15FB,32001
09:44:01:540051 20180108,TRADE,2_YEAR,25560,5,1,0,B,60579400000C16CC,32002
09:45:17:190046 20180108,TRADE,2_YEAR,25560,3,1,0,A,60579400000C15FB,32178
09:45:17:190046 20180108,TRADE,2_YEAR,25560,3,1,1,B,60579400000C0844,32179
09:45:17:191147 20180108,TRADE,2_YEAR,25560,3,1,0,A,60579400000C15FB,32225
09:45:17:191147 20180108,TRADE,2_YEAR,25560,3,1,1,B,60579400000C2381,32226
09:45:17:191168 20180108,TRADE,2_YEAR,25560,2,1,0,A,60579400000C15FB,32230
09:45:17:191168 20180108,TRADE,2_YEAR,25560,2,1,1,B,60579400000C2383,32231
09:45:17:191327 20180108,TRADE,2_YEAR,25560,3,1,0,A,60579400000C15FB,32234
09:45:17:191327 20180108,TRADE,2_YEAR,25560,3,1,1,B,60579400000C2388,32235
09:45:17:191385 20180108,TRADE,2_YEAR,25560,2,1,0,A,60579400000C15FB,32238
09:45:17:191385 20180108,TRADE,2_YEAR,25560,2,1,1,B,60579400000C2389,32239
09:45:17:196877 20180108,TRADE,2_YEAR,25560,2,1,0,A,60579400000C15FB,32245
09:45:17:196877 20180108,TRADE,2_YEAR,25560,2,1,1,B,60579400000C23CD,32246
09:45:17:197048 20180108,TRADE,2_YEAR,25560,5,1,0,A,60579400000C15FB,32255
09:45:17:197048 20180108,TRADE,2_YEAR,25560,18,1,1,B,60579400000C23D8,32256
09:45:17:197048 20180108,TRADE,2_YEAR,25560,10,1,0,A,60579400000C1605,32257
09:45:17:197048 20180108,TRADE,2_YEAR,25560,1,1,0,A,60579400000C1651,32258
09:45:17:197048 20180108,TRADE,2_YEAR,25560,1,1,0,A,60579400000C1705,32259
09:45:17:197048 20180108,TRADE,2_YEAR,25560,1,1,0,A,60579400000C170A,32260
09:45:17:197250 20180108,TRADE,2_YEAR,25560,2,1,0,A,60579400000C170A,32264
09:45:17:197250 20180108,TRADE,2_YEAR,25560,2,1,1,B,60579400000C23F2,32265
09:45:17:197397 20180108,TRADE,2_YEAR,25560,2,1,0,A,60579400000C170A,32269
09:45:17:197397 20180108,TRADE,2_YEAR,25560,2,1,1,B,60579400000C2405,32270
09:45:17:197415 20180108,TRADE,2_YEAR,25560,1,1,0,A,60579400000C170A,32275
09:45:17:197415 20180108,TRADE,2_YEAR,25560,22,1,1,B,60579400000C2406,32276
09:45:17:197415 20180108,TRADE,2_YEAR,25560,13,1,0,A,60579400000A3C43,32277
09:45:17:197415 20180108,TRADE,2_YEAR,25560,8,1,0,A,60579400000C18E9,32278
09:45:17:197453 20180108,TRADE,2_YEAR,25560,2,1,0,A,60579400000C18E9,32281
09:45:17:197453 20180108,TRADE,2_YEAR,25560,2,1,1,B,60579400000C240A,32282
09:45:17:197496 20180108,TRADE,2_YEAR,25560,2,1,0,A,60579400000C18E9,32285
09:45:17:197496 20180108,TRADE,2_YEAR,25560,2,1,1,B,60579400000C2410,32286
09:45:17:197531 20180108,TRADE,2_YEAR,25560,1,1,0,A,60579400000C18E9,32289
09:45:17:197531 20180108,TRADE,2_YEAR,25560,1,1,1,B,60579400000C2414,32290
09:45:17:197555 20180108,TRADE,2_YEAR,25560,7,1,0,A,60579400000C18E9,32294
09:45:17:197555 20180108,TRADE,2_YEAR,25560,7,1,1,B,60579400000C2417,32295
09:45:17:197574 20180108,TRADE,2_YEAR,25560,6,1,0,A,60579400000C18E9,32298
09:45:17:197574 20180108,TRADE,2_YEAR,25560,6,1,1,B,60579400000C2419,32299
09:45:17:197614 20180108,TRADE,2_YEAR,25560,1,1,0,A,60579400000C18E9,32302
09:45:17:197614 20180108,TRADE,2_YEAR,25560,1,1,1,B,60579400000C241E,32303
09:45:17:197645 20180108,TRADE,2_YEAR,25560,5,1,0,A,60579400000C18E9,32306
09:45:17:197645 20180108,TRADE,2_YEAR,25560,5,1,1,B,60579400000C2423,32307
09:45:17:197662 20180108,TRADE,2_YEAR,25560,1,1,0,A,60579400000C18E9,32310
09:45:17:197662 20180108,TRADE,2_YEAR,25560,1,1,1,B,60579400000C2425,32311
09:45:17:197718 20180108,TRADE,2_YEAR,25560,3,1,0,A,60579400000C18E9,32315
09:45:17:197718 20180108,TRADE,2_YEAR,25560,3,1,1,B,60579400000C2303,32316
09:45:17:197866 20180108,TRADE,2_YEAR,25560,3,1,0,A,60579400000C18E9,32319
09:45:17:197866 20180108,TRADE,2_YEAR,25560,3,1,1,B,60579400000C2436,32320
09:45:17:197883 20180108,TRADE,2_YEAR,25560,6,1,0,A,60579400000C18E9,32323
09:45:17:197883 20180108,TRADE,2_YEAR,25560,6,1,1,B,60579400000C2437,32324
09:45:17:197900 20180108,TRADE,2_YEAR,25560,16,1,0,A,60579400000C18E9,32327
09:45:17:197900 20180108,TRADE,2_YEAR,25560,16,1,1,B,60579400000C2438,32328
09:45:17:197930 20180108,TRADE,2_YEAR,25560,7,1,0,A,60579400000C18E9,32332
09:45:17:197930 20180108,TRADE,2_YEAR,25560,10,1,1,B,60579400000C243C,32333
09:45:17:197930 20180108,TRADE,2_YEAR,25560,3,1,0,A,60579400000C20AA,32334
09:45:17:198233 20180108,TRADE,2_YEAR,25560,1,1,1,B,60579400000C243F,32352
09:45:17:198233 20180108,TRADE,2_YEAR,25560,1,1,0,A,60579400000C2465,32353
09:45:17:198439 20180108,TRADE,2_YEAR,25560,3,1,1,B,60579400000C2443,32376
09:45:17:198439 20180108,TRADE,2_YEAR,25560,10,1,0,A,60579400000C2480,32377
09:45:17:198439 20180108,TRADE,2_YEAR,25560,2,1,1,B,60579400000C2445,32378
09:45:17:198439 20180108,TRADE,2_YEAR,25560,2,1,1,B,60579400000C2447,32379
09:45:17:198439 20180108,TRADE,2_YEAR,25560,2,1,1,B,60579400000C2456,32380
09:45:17:198439 20180108,TRADE,2_YEAR,25560,1,1,1,B,60579400000C2457,32381
09:45:17:242017 20180108,TRADE,2_YEAR,25560,5,1,1,B,60579400000C2459,32430
09:45:17:242017 20180108,TRADE,2_YEAR,25560,5,1,0,A,60579400000C2623,32431
09:45:17:247179 20180108,TRADE,2_YEAR,25560,5,1,1,B,60579400000C2459,32449
09:45:17:247179 20180108,TRADE,2_YEAR,25560,69,1,0,A,60579400000C2641,32450
09:45:17:247179 20180108,TRADE,2_YEAR,25560,2,1,1,B,60579400000C245F,32451
09:45:17:247179 20180108,TRADE,2_YEAR,25560,3,1,1,B,60579400000C2466,32452
09:45:17:247179 20180108,TRADE,2_YEAR,25560,8,1,1,B,60579400000C2468,32453
09:45:17:247179 20180108,TRADE,2_YEAR,25560,8,1,1,B,60579400000C246D,32454
09:45:17:247179 20180108,TRADE,2_YEAR,25560,5,1,1,B,60579400000C246E,32455
09:45:17:247179 20180108,TRADE,2_YEAR,25560,6,1,1,B,60579400000C2475,32456
09:45:17:247179 20180108,TRADE,2_YEAR,25560,4,1,1,B,60579400000C2478,32457
09:45:17:247179 20180108,TRADE,2_YEAR,25560,3,1,1,B,60579400000C2488,32458
09:45:17:247179 20180108,TRADE,2_YEAR,25560,1,1,1,B,60579400000C24A6,32459
09:45:17:247179 20180108,TRADE,2_YEAR,25560,20,1,1,B,60579400000C2481,32460
09:45:17:247179 20180108,TRADE,2_YEAR,25560,3,1,1,B,60579400000C25AC,32461
09:45:17:247179 20180108,TRADE,2_YEAR,25560,1,1,1,B,60579400000C25DC,32462
09:45:17:253070 20180108,TRADE,2_YEAR,25560,1,1,0,A,60579400000C2646,32503
09:45:17:253070 20180108,TRADE,2_YEAR,25560,35,1,1,B,60579400000C2689,32504
09:45:17:253070 20180108,TRADE,2_YEAR,25560,27,1,0,A,60579400000C2647,32505
09:45:17:253070 20180108,TRADE,2_YEAR,25560,7,1,0,A,60579400000C264C,32506
09:45:17:256246 20180108,TRADE,2_YEAR,25560,1,1,0,A,60579400000C265E,32520
09:45:17:256246 20180108,TRADE,2_YEAR,25560,5,1,1,B,60579400000C26B4,32521
09:45:17:256246 20180108,TRADE,2_YEAR,25560,2,1,0,A,60579400000C2663,32522
09:45:17:256246 20180108,TRADE,2_YEAR,25560,2,1,0,A,60579400000C267E,32523
09:45:17:256566 20180108,TRADE,2_YEAR,25560,1,1,1,B,60579400000C26B4,32541
09:45:17:256566 20180108,TRADE,2_YEAR,25560,1,1,0,A,60579400000C26D1,32542
09:45:17:265566 20180108,TRADE,2_YEAR,25560,6,1,0,A,60579400000C2732,32560
09:45:17:265566 20180108,TRADE,2_YEAR,25560,1,1,1,B,60579400000C26B4,32561
09:45:17:265566 20180108,TRADE,2_YEAR,25560,5,1,1,B,60579400000C26BD,32562
09:45:17:265647 20180108,TRADE,2_YEAR,25560,3,1,1,B,60579400000C26CE,32567
09:45:17:265647 20180108,TRADE,2_YEAR,25560,6,1,0,A,60579400000C2735,32568
09:45:17:265647 20180108,TRADE,2_YEAR,25560,1,1,1,B,60579400000C26CF,32569
09:45:17:265647 20180108,TRADE,2_YEAR,25560,2,1,1,B,60579400000C26F8,32570
09:45:17:265677 20180108,TRADE,2_YEAR,25560,2,1,1,B,60579400000C26F8,32573
09:45:17:265677 20180108,TRADE,2_YEAR,25560,2,1,0,A,60579400000C2736,32574
09:45:17:265692 20180108,TRADE,2_YEAR,25560,2,1,1,B,60579400000C26F8,32577
09:45:17:265692 20180108,TRADE,2_YEAR,25560,2,1,0,A,60579400000C2737,32578
09:45:17:265704 20180108,TRADE,2_YEAR,25560,8,1,1,B,60579400000C26F8,32581
09:45:17:265704 20180108,TRADE,2_YEAR,25560,8,1,0,A,60579400000C2738,32582
09:45:18:724846 20180108,TRADE,2_YEAR,25560,1,1,0,A,60579400000C273B,32653
09:45:18:724846 20180108,TRADE,2_YEAR,25560,1,1,1,B,60579400000C2964,32654
09:45:18:729924 20180108,TRADE,2_YEAR,25560,1,1,0,A,60579400000C273B,32658
09:45:18:729924 20180108,TRADE,2_YEAR,25560,1,1,1,B,60579400000C2968,32659
09:45:18:732935 20180108,TRADE,2_YEAR,25560,2,1,0,A,60579400000C2972,32686
09:45:18:732935 20180108,TRADE,2_YEAR,25560,2,1,1,B,60579400000C298C,32687
09:45:18:734369 20180108,TRADE,2_YEAR,25560,3,1,0,A,60579400000C299A,32707
09:45:18:734369 20180108,TRADE,2_YEAR,25560,9,1,1,B,60579400000C29A8,32708
09:45:18:734369 20180108,TRADE,2_YEAR,25560,3,1,0,A,60579400000C299B,32709
09:45:18:734369 20180108,TRADE,2_YEAR,25560,3,1,0,A,60579400000C29A3,32710
09:45:18:789285 20180108,TRADE,2_YEAR,25560,5,1,1,B,60579400000C29A8,32761
09:45:18:789285 20180108,TRADE,2_YEAR,25560,5,1,0,A,60579400000C2A2B,32762
09:45:18:789750 20180108,TRADE,2_YEAR,25560,2,1,1,B,60579400000C29A8,32765
09:45:18:789750 20180108,TRADE,2_YEAR,25560,2,1,0,A,60579400000C2A2C,32766
09:45:18:789912 20180108,TRADE,2_YEAR,25560,2,1,1,B,60579400000C29ED,32769
09:45:18:789912 20180108,TRADE,2_YEAR,25560,2,1,0,A,60579400000C2A2D,32770
09:45:19:038127 20180108,TRADE,2_YEAR,25560,2,1,0,A,60579400000C2AB0,32820
09:45:19:038127 20180108,TRADE,2_YEAR,25560,2,1,1,B,60579400000C2AD4,32821
09:45:19:150505 20180108,TRADE,2_YEAR,25560,2,1,0,A,60579400000C2AFF,32868
09:45:19:150505 20180108,TRADE,2_YEAR,25560,2,1,1,B,60579400000C2B1C,32869
09:45:19:261643 20180108,TRADE,2_YEAR,25560,2,1,0,A,60579400000C2B3D,32912
09:45:19:261643 20180108,TRADE,2_YEAR,25560,2,1,1,B,60579400000C2B7E,32913
09:45:31:801593 20180108,TRADE,2_YEAR,25560,2,1,0,A,60579400000C2BDD,33012
09:45:31:801593 20180108,TRADE,2_YEAR,25560,3,1,1,B,60579400000C2E35,33013
09:45:31:801593 20180108,TRADE,2_YEAR,25560,1,1,0,A,60579400000C2BFB,33014
09:45:31:805493 20180108,TRADE,2_YEAR,25560,1,1,0,A,60579400000C2BFB,33020
09:45:31:805493 20180108,TRADE,2_YEAR,25560,1,1,1,B,60579400000C2E3E,33021
09:45:49:449846 20180108,TRADE,2_YEAR,25558,1,1,0,B,6057940000036D7B,33032
09:45:49:449846 20180108,TRADE,2_YEAR,25558,1,1,1,A,60579400000C30E6,33033
09:47:03:475861 20180108,TRADE,2_YEAR,25560,9,1,0,A,60579400000C2C06,33087
09:47:03:475861 20180108,TRADE,2_YEAR,25560,9,1,1,B,60579400000C3BDC,33088
09:47:03:481087 20180108,TRADE,2_YEAR,25560,9,1,0,A,60579400000C2C06,33098
09:47:03:481087 20180108,TRADE,2_YEAR,25560,9,1,1,B,60579400000C3C19,33099
09:47:03:493674 20180108,TRADE,2_YEAR,25560,9,1,0,A,60579400000C2C06,33107
09:47:03:493674 20180108,TRADE,2_YEAR,25560,9,1,1,B,60579400000C3C59,33108
09:47:03:507404 20180108,TRADE,2_YEAR,25560,9,1,0,A,60579400000C2C06,33116
09:47:03:507404 20180108,TRADE,2_YEAR,25560,9,1,1,B,60579400000C3C94,33117
09:47:03:511740 20180108,TRADE,2_YEAR,25560,9,1,0,A,60579400000C2C06,33120
09:47:03:511740 20180108,TRADE,2_YEAR,25560,9,1,1,B,60579400000C3C9B,33121
09:47:03:511869 20180108,TRADE,2_YEAR,25560,3,1,0,A,60579400000C2C6A,33128
09:47:03:511869 20180108,TRADE,2_YEAR,25560,3,1,1,B,60579400000C3CA0,33129
09:47:03:511913 20180108,TRADE,2_YEAR,25560,3,1,0,A,60579400000C2C6A,33132
09:47:03:511913 20180108,TRADE,2_YEAR,25560,3,1,1,B,60579400000C3CA3,33133
09:47:03:517902 20180108,TRADE,2_YEAR,25560,4,1,0,A,60579400000C2C6A,33140
09:47:03:517902 20180108,TRADE,2_YEAR,25560,4,1,1,B,60579400000C3CBF,33141
09:47:35:602898 20180108,TRADE,2_YEAR,25560,1,1,0,A,60579400000C2C6A,33228
09:47:35:602898 20180108,TRADE,2_YEAR,25560,1,1,1,B,60579400000C4666,33229
09:47:41:818403 20180108,TRADE,2_YEAR,25560,50,1,0,A,60579400000C2C6A,33277
09:47:41:818403 20180108,TRADE,2_YEAR,25560,76,1,1,B,60579400000C4A7E,33278
09:47:41:818403 20180108,TRADE,2_YEAR,25560,5,1,0,A,60579400000C2D49,33279
09:47:41:818403 20180108,TRADE,2_YEAR,25560,1,1,0,A,60579400000C2D9C,33280
09:47:41:818403 20180108,TRADE,2_YEAR,25560,3,1,0,A,60579400000C30CE,33281
09:47:41:818403 20180108,TRADE,2_YEAR,25560,8,1,0,A,60579400000C3CA7,33282
09:47:41:818403 20180108,TRADE,2_YEAR,25560,1,1,0,A,60579400000C3CEF,33283
09:47:41:818403 20180108,TRADE,2_YEAR,25560,2,1,0,A,60579400000C459E,33284
09:47:41:818403 20180108,TRADE,2_YEAR,25560,3,1,0,A,60579400000C4A59,33285
09:47:41:818403 20180108,TRADE,2_YEAR,25560,3,1,0,A,60579400000C4A5A,33286
09:47:41:818580 20180108,TRADE,2_YEAR,25560,1,1,0,A,60579400000C2C6A,33290
09:47:41:818580 20180108,TRADE,2_YEAR,25560,1,1,1,B,60579400000C4A86,33291
09:47:41:818607 20180108,TRADE,2_YEAR,25560,1,1,0,A,60579400000C2C6A,33294
09:47:41:818607 20180108,TRADE,2_YEAR,25560,1,1,1,B,60579400000C4A88,33295
09:47:41:818706 20180108,TRADE,2_YEAR,25560,3,1,0,A,60579400000C2C6A,33301
09:47:41:818706 20180108,TRADE,2_YEAR,25560,3,1,1,B,60579400000C4A8F,33302
09:47:41:818793 20180108,TRADE,2_YEAR,25560,1,1,0,A,60579400000C2C6A,33307
09:47:41:818793 20180108,TRADE,2_YEAR,25560,1,1,1,B,60579400000C4A93,33308
09:47:41:818961 20180108,TRADE,2_YEAR,25560,12,1,0,A,60579400000C2C6A,33313
09:47:41:818961 20180108,TRADE,2_YEAR,25560,12,1,1,B,60579400000C4A96,33314
09:47:46:609715 20180108,TRADE,2_YEAR,25560,21,1,0,A,60579400000C2C6A,33358
09:47:46:609715 20180108,TRADE,2_YEAR,25560,31,1,1,B,60579400000C4C1C,33359
09:47:46:609715 20180108,TRADE,2_YEAR,25560,2,1,0,A,60579400000C4AE4,33360
09:47:46:609715 20180108,TRADE,2_YEAR,25560,8,1,0,A,60579400000C4AE5,33361
09:50:18:247303 20180108,TRADE,2_YEAR,25560,10,1,0,B,60579400000C4C1F,34039
09:50:18:247303 20180108,TRADE,2_YEAR,25560,10,1,1,A,60579400000C78F9,34040
09:50:18:247412 20180108,TRADE,2_YEAR,25560,1,1,0,B,60579400000C4C1F,34045
09:50:18:247412 20180108,TRADE,2_YEAR,25560,1,1,1,A,60579400000C78FD,34046
09:50:18:247483 20180108,TRADE,2_YEAR,25560,1,1,0,B,60579400000C4C1F,34052
09:50:18:247483 20180108,TRADE,2_YEAR,25560,1,1,1,A,60579400000C7903,34053
09:50:18:247504 20180108,TRADE,2_YEAR,25560,3,1,0,B,60579400000C4C1F,34056
09:50:18:247504 20180108,TRADE,2_YEAR,25560,3,1,1,A,60579400000C7904,34057
09:50:18:247561 20180108,TRADE,2_YEAR,25560,3,1,0,B,60579400000C4C1F,34062
09:50:18:247561 20180108,TRADE,2_YEAR,25560,3,1,1,A,60579400000C7908,34063
09:50:18:247634 20180108,TRADE,2_YEAR,25560,4,1,0,B,60579400000C4C1F,34069
09:50:18:247634 20180108,TRADE,2_YEAR,25560,4,1,1,A,60579400000C790D,34070
09:50:18:247656 20180108,TRADE,2_YEAR,25560,18,1,0,B,60579400000C4C1F,34074
09:50:18:247656 20180108,TRADE,2_YEAR,25560,20,1,1,A,60579400000C790F,34075
09:50:18:247656 20180108,TRADE,2_YEAR,25560,2,1,0,B,60579400000C4C38,34076
09:50:18:247678 20180108,TRADE,2_YEAR,25560,3,1,0,B,60579400000C4FE3,34080
09:50:18:247678 20180108,TRADE,2_YEAR,25560,12,1,1,A,60579400000C7910,34081
09:50:18:247678 20180108,TRADE,2_YEAR,25560,9,1,0,B,60579400000C5460,34082
09:50:18:247704 20180108,TRADE,2_YEAR,25560,1,1,0,B,60579400000C5460,34085
09:50:18:247704 20180108,TRADE,2_YEAR,25560,1,1,1,A,60579400000C7911,34086
09:50:18:247719 20180108,TRADE,2_YEAR,25560,2,1,0,B,60579400000C5460,34089
09:50:18:247719 20180108,TRADE,2_YEAR,25560,2,1,1,A,60579400000C7912,34090
09:50:18:247733 20180108,TRADE,2_YEAR,25560,6,1,0,B,60579400000C5460,34093
09:50:18:247733 20180108,TRADE,2_YEAR,25560,6,1,1,A,60579400000C7913,34094
09:50:18:247746 20180108,TRADE,2_YEAR,25560,7,1,0,B,60579400000C5460,34099
09:50:18:247746 20180108,TRADE,2_YEAR,25560,9,1,1,A,60579400000C7914,34100
09:50:18:247746 20180108,TRADE,2_YEAR,25560,1,1,0,B,60579400000C65BB,34101
09:50:18:247746 20180108,TRADE,2_YEAR,25560,1,1,0,B,60579400000C784A,34102
09:50:25:233759 20180108,TRADE,2_YEAR,25560,3,1,0,A,60579400000C7925,34184
09:50:25:233759 20180108,TRADE,2_YEAR,25560,3,1,1,B,60579400000C7B31,34185
09:50:25:236990 20180108,TRADE,2_YEAR,25560,4,1,0,A,60579400000C79B5,34194
09:50:25:236990 20180108,TRADE,2_YEAR,25560,5,1,1,B,60579400000C7B3B,34195
09:50:25:236990 20180108,TRADE,2_YEAR,25560,1,1,0,A,60579400000C7A52,34196
09:50:25:241085 20180108,TRADE,2_YEAR,25560,2,1,0,A,60579400000C7A52,34199
09:50:25:241085 20180108,TRADE,2_YEAR,25560,2,1,1,B,60579400000C7B4B,34200
09:50:25:336184 20180108,TRADE,2_YEAR,25560,1,1,0,A,60579400000C7A52,34205
09:50:25:336184 20180108,TRADE,2_YEAR,25560,1,1,1,B,60579400000C7B72,34206
09:50:25:336502 20180108,TRADE,2_YEAR,25560,2,1,0,A,60579400000C7A52,34209
09:50:25:336502 20180108,TRADE,2_YEAR,25560,2,1,1,B,60579400000C7B76,34210
09:50:25:341026 20180108,TRADE,2_YEAR,25560,2,1,0,A,60579400000C7A52,34213
09:50:25:341026 20180108,TRADE,2_YEAR,25560,2,1,1,B,60579400000C7B7B,34214
09:50:25:345046 20180108,TRADE,2_YEAR,25560,2,1,0,A,60579400000C7A52,34217
09:50:25:345046 20180108,TRADE,2_YEAR,25560,2,1,1,B,60579400000C7B7D,34218
09:50:25:441888 20180108,TRADE,2_YEAR,25560,6,1,0,A,60579400000C7A52,34222
09:50:25:441888 20180108,TRADE,2_YEAR,25560,6,1,1,B,60579400000C7B82,34223
09:58:40:653126 20180108,TRADE,2_YEAR,25560,6,1,0,B,60579400000C7B82,35301
09:58:40:653126 20180108,TRADE,2_YEAR,25560,160,1,1,A,60579400000CDDAC,35302
09:58:40:653126 20180108,TRADE,2_YEAR,25560,6,1,0,B,60579400000C7CCA,35303
09:58:40:653126 20180108,TRADE,2_YEAR,25560,6,1,0,B,60579400000C7EEE,35304
09:58:40:653126 20180108,TRADE,2_YEAR,25560,2,1,0,B,60579400000C7F15,35305
09:58:40:653126 20180108,TRADE,2_YEAR,25560,3,1,0,B,60579400000C7F19,35306
09:58:40:653126 20180108,TRADE,2_YEAR,25560,3,1,0,B,60579400000C7F41,35307
09:58:40:653126 20180108,TRADE,2_YEAR,25560,7,1,0,B,60579400000C8996,35308
09:58:40:653126 20180108,TRADE,2_YEAR,25560,2,1,0,B,60579400000C8D8C,35309
09:58:40:653126 20180108,TRADE,2_YEAR,25560,5,1,0,B,60579400000C91BC,35310
09:58:40:653126 20180108,TRADE,2_YEAR,25560,1,1,0,B,60579400000C9244,35311
09:58:40:653126 20180108,TRADE,2_YEAR,25560,2,1,0,B,60579400000C9247,35312
09:58:40:653126 20180108,TRADE,2_YEAR,25560,1,1,0,B,60579400000CA5BB,35313
09:58:40:653126 20180108,TRADE,2_YEAR,25560,106,1,0,B,60579400000CB4A9,35314
09:58:40:653126 20180108,TRADE,2_YEAR,25560,10,1,0,B,60579400000CB7DF,35315
09:58:40:653245 20180108,TRADE,2_YEAR,25560,1,1,0,B,60579400000CB7DF,35324
09:58:40:653245 20180108,TRADE,2_YEAR,25560,26,1,1,A,60579400000CDDAF,35325
09:58:40:653245 20180108,TRADE,2_YEAR,25560,20,1,0,B,60579400000CC6C4,35326
09:58:40:653245 20180108,TRADE,2_YEAR,25560,1,1,0,B,60579400000CCA2A,35327
09:58:40:653245 20180108,TRADE,2_YEAR,25560,2,1,0,B,60579400000CCD6B,35328
09:58:40:653245 20180108,TRADE,2_YEAR,25560,1,1,0,B,60579400000CDBC4,35329
09:58:40:653245 20180108,TRADE,2_YEAR,25560,1,1,0,B,60579400000CDDAB,35330
09:58:40:706935 20180108,TRADE,2_YEAR,25560,2,1,1,A,60579400000CDDB1,35443
09:58:40:706935 20180108,TRADE,2_YEAR,25560,85,1,0,B,60579400000CDEC9,35444
09:58:40:706935 20180108,TRADE,2_YEAR,25560,40,1,1,A,60579400000CDDB3,35445
09:58:40:706935 20180108,TRADE,2_YEAR,25560,8,1,1,A,60579400000CDDBA,35446
09:58:40:706935 20180108,TRADE,2_YEAR,25560,2,1,1,A,60579400000CDDBB,35447
09:58:40:706935 20180108,TRADE,2_YEAR,25560,12,1,1,A,60579400000CDDBE,35448
09:58:40:706935 20180108,TRADE,2_YEAR,25560,8,1,1,A,60579400000CDDC5,35449
09:58:40:706935 20180108,TRADE,2_YEAR,25560,12,1,1,A,60579400000CDDC7,35450
09:58:40:706935 20180108,TRADE,2_YEAR,25560,1,1,1,A,60579400000CDDC8,35451
09:58:40:707132 20180108,TRADE,2_YEAR,25560,2,1,1,A,60579400000CDDC8,35461
09:58:40:707132 20180108,TRADE,2_YEAR,25560,6,1,0,B,60579400000CDED6,35462
09:58:40:707132 20180108,TRADE,2_YEAR,25560,1,1,1,A,60579400000CDDCA,35463
09:58:40:707132 20180108,TRADE,2_YEAR,25560,3,1,1,A,60579400000CDDCB,35464
09:58:40:707229 20180108,TRADE,2_YEAR,25560,1,1,1,A,60579400000CDDE4,35471
09:58:40:707229 20180108,TRADE,2_YEAR,25560,2,1,0,B,60579400000CDEDF,35472
09:58:40:707229 20180108,TRADE,2_YEAR,25560,1,1,1,A,60579400000CDE06,35473
09:58:40:707292 20180108,TRADE,2_YEAR,25560,5,1,1,A,60579400000CDE06,35476
09:58:40:707292 20180108,TRADE,2_YEAR,25560,5,1,0,B,60579400000CDEE1,35477
09:58:40:708704 20180108,TRADE,2_YEAR,25560,2,1,0,B,60579400000CDEE2,35529
09:58:40:708704 20180108,TRADE,2_YEAR,25560,2,1,1,A,60579400000CDF2D,35530
09:58:40:708783 20180108,TRADE,2_YEAR,25560,1,1,0,B,60579400000CDEE2,35535
09:58:40:708783 20180108,TRADE,2_YEAR,25560,2,1,1,A,60579400000CDF2F,35536
09:58:40:708783 20180108,TRADE,2_YEAR,25560,1,1,0,B,60579400000CDF1A,35537
09:58:40:713658 20180108,TRADE,2_YEAR,25560,2,1,0,B,60579400000CDF37,35556
09:58:40:713658 20180108,TRADE,2_YEAR,25560,2,1,1,A,60579400000CDF49,35557
09:58:40:713812 20180108,TRADE,2_YEAR,25560,1,1,0,B,60579400000CDF37,35561
09:58:40:713812 20180108,TRADE,2_YEAR,25560,1,1,1,A,60579400000CDF4F,35562
09:58:40:724231 20180108,TRADE,2_YEAR,25560,2,1,0,B,60579400000CDF6E,35577
09:58:40:724231 20180108,TRADE,2_YEAR,25560,2,1,1,A,60579400000CDF70,35578
09:58:40:853113 20180108,TRADE,2_YEAR,25560,4,1,0,B,60579400000CDF6E,35606
09:58:40:853113 20180108,TRADE,2_YEAR,25560,4,1,1,A,60579400000CDFC4,35607
09:59:14:648147 20180108,TRADE,2_YEAR,25560,1,1,0,A,60579400000CE030,35964
09:59:14:648147 20180108,TRADE,2_YEAR,25560,1,1,1,B,60579400000CEF2F,35965
09:59:42:840364 20180108,TRADE,2_YEAR,25560,2,1,0,A,60579400000CE030,36385
09:59:42:840364 20180108,TRADE,2_YEAR,25560,10,1,1,B,60579400000D0534,36386
09:59:42:840364 20180108,TRADE,2_YEAR,25560,1,1,0,A,60579400000CE033,36387
09:59:42:840364 20180108,TRADE,2_YEAR,25560,1,1,0,A,60579400000CE03B,36388
09:59:42:840364 20180108,TRADE,2_YEAR,25560,6,1,0,A,60579400000CE1C5,36389
09:59:42:840475 20180108,TRADE,2_YEAR,25560,2,1,0,A,60579400000CE8E3,36394
09:59:42:840475 20180108,TRADE,2_YEAR,25560,2,1,1,B,60579400000D0539,36395
09:59:42:840494 20180108,TRADE,2_YEAR,25560,2,1,0,A,60579400000CE8E3,36398
09:59:42:840494 20180108,TRADE,2_YEAR,25560,2,1,1,B,60579400000D053A,36399
09:59:42:840558 20180108,TRADE,2_YEAR,25560,5,1,0,A,60579400000CE8E3,36403
09:59:42:840558 20180108,TRADE,2_YEAR,25560,5,1,1,B,60579400000D0542,36404
09:59:42:840803 20180108,TRADE,2_YEAR,25560,1,1,0,A,60579400000CE8E3,36408
09:59:42:840803 20180108,TRADE,2_YEAR,25560,6,1,1,B,60579400000D0544,36409
09:59:42:840803 20180108,TRADE,2_YEAR,25560,5,1,0,A,60579400000CE8EE,36410
09:59:42:841082 20180108,TRADE,2_YEAR,25560,1,1,1,B,60579400000D0548,36431
09:59:42:841082 20180108,TRADE,2_YEAR,25560,1,1,0,A,60579400000D055B,36432
09:59:42:841112 20180108,TRADE,2_YEAR,25560,1,1,1,B,60579400000D0548,36438
09:59:42:841112 20180108,TRADE,2_YEAR,25560,3,1,0,A,60579400000D055E,36439
09:59:42:841112 20180108,TRADE,2_YEAR,25560,2,1,1,B,60579400000D054B,36440
09:59:42:841143 20180108,TRADE,2_YEAR,25560,1,1,1,B,60579400000D054B,36443
09:59:42:841143 20180108,TRADE,2_YEAR,25560,1,1,0,A,60579400000D055F,36444
09:59:42:841164 20180108,TRADE,2_YEAR,25560,2,1,1,B,60579400000D054B,36448
09:59:42:841164 20180108,TRADE,2_YEAR,25560,3,1,0,A,60579400000D0561,36449
09:59:42:841164 20180108,TRADE,2_YEAR,25560,1,1,1,B,60579400000D0553,36450
09:59:42:841254 20180108,TRADE,2_YEAR,25560,6,1,1,B,60579400000D0553,36457
09:59:42:841254 20180108,TRADE,2_YEAR,25560,6,1,0,A,60579400000D0567,36458
09:59:42:841341 20180108,TRADE,2_YEAR,25560,2,1,1,B,60579400000D0556,36463
09:59:42:841341 20180108,TRADE,2_YEAR,25560,2,1,0,A,60579400000D056C,36464
09:59:43:039289 20180108,TRADE,2_YEAR,25560,10,1,1,B,60579400000D0681,36514
09:59:43:039289 20180108,TRADE,2_YEAR,25560,12,1,0,A,60579400000D06D6,36515
09:59:43:039289 20180108,TRADE,2_YEAR,25560,2,1,1,B,60579400000D0685,36516
09:59:43:139872 20180108,TRADE,2_YEAR,25560,2,1,1,B,60579400000D070E,36552
09:59:43:139872 20180108,TRADE,2_YEAR,25560,2,1,0,A,60579400000D070F,36553
09:59:43:140037 20180108,TRADE,2_YEAR,25560,2,1,0,A,60579400000D0712,36567
09:59:43:140037 20180108,TRADE,2_YEAR,25560,4,1,1,B,60579400000D071B,36568
09:59:43:140037 20180108,TRADE,2_YEAR,25560,2,1,0,A,60579400000D0713,36569
09:59:43:140356 20180108,TRADE,2_YEAR,25560,6,1,1,B,60579400000D071B,36580
09:59:43:140356 20180108,TRADE,2_YEAR,25560,6,1,0,A,60579400000D0727,36581
09:59:43:243586 20180108,TRADE,2_YEAR,25560,2,1,1,B,60579400000D076B,36618
09:59:43:243586 20180108,TRADE,2_YEAR,25560,2,1,0,A,60579400000D076D,36619
09:59:43:367342 20180108,TRADE,2_YEAR,25560,2,1,1,B,60579400000D07AE,36659
09:59:43:367342 20180108,TRADE,2_YEAR,25560,2,1,0,A,60579400000D07AF,36660
09:59:43:475600 20180108,TRADE,2_YEAR,25560,2,1,1,B,60579400000D07DA,36682
09:59:43:475600 20180108,TRADE,2_YEAR,25560,2,1,0,A,60579400000D07DB,36683
09:59:43:491860 20180108,TRADE,2_YEAR,25560,2,1,0,A,60579400000D0817,36720
09:59:43:491860 20180108,TRADE,2_YEAR,25560,2,1,1,B,60579400000D081C,36721
10:00:02:615469 20180108,TRADE,2_YEAR,25560,1,1,0,B,60579400000D13C0,37021
10:00:02:615469 20180108,TRADE,2_YEAR,25560,23,1,1,A,60579400000D14F3,37022
10:00:02:615469 20180108,TRADE,2_YEAR,25560,1,1,0,B,60579400000D13D9,37023
10:00:02:615469 20180108,TRADE,2_YEAR,25560,1,1,0,B,60579400000D13DB,37024
10:00:02:615469 20180108,TRADE,2_YEAR,25560,3,1,0,B,60579400000D13DC,37025
10:00:02:615469 20180108,TRADE,2_YEAR,25560,6,1,0,B,60579400000D13FD,37026
10:00:02:615469 20180108,TRADE,2_YEAR,25560,3,1,0,B,60579400000D142C,37027
10:00:02:615469 20180108,TRADE,2_YEAR,25560,8,1,0,B,60579400000D1430,37028
10:00:02:615821 20180108,TRADE,2_YEAR,25560,4,1,1,A,60579400000D14FC,37051
10:00:02:615821 20180108,TRADE,2_YEAR,25560,4,1,0,B,60579400000D1514,37052
10:00:07:560465 20180108,TRADE,2_YEAR,25560,1,1,0,A,60579400000D151C,37092
10:00:07:560465 20180108,TRADE,2_YEAR,25560,1,1,1,B,60579400000D166B,37093
10:00:07:998952 20180108,TRADE,2_YEAR,25560,40,1,0,A,60579400000D151C,37105
10:00:07:998952 20180108,TRADE,2_YEAR,25560,40,1,1,B,60579400000D16B4,37106
10:00:07:999056 20180108,TRADE,2_YEAR,25560,1,1,0,A,60579400000D151C,37109
10:00:07:999056 20180108,TRADE,2_YEAR,25560,1,1,1,B,60579400000D16BA,37110
10:00:09:121701 20180108,TRADE,2_YEAR,25560,8,1,0,A,60579400000D151C,37119
10:00:09:121701 20180108,TRADE,2_YEAR,25560,8,1,1,B,60579400000D1716,37120
10:00:10:713644 20180108,TRADE,2_YEAR,25560,37,1,0,A,60579400000D151C,37130
10:00:10:713644 20180108,TRADE,2_YEAR,25560,37,1,1,B,60579400000D173D,37131
10:00:10:713837 20180108,TRADE,2_YEAR,25560,1,1,0,A,60579400000D151C,37135
10:00:10:713837 20180108,TRADE,2_YEAR,25560,1,1,1,B,60579400000D1744,37136
10:00:10:713862 20180108,TRADE,2_YEAR,25560,2,1,0,A,60579400000D151C,37139
10:00:10:713862 20180108,TRADE,2_YEAR,25560,2,1,1,B,60579400000D1746,37140
10:00:10:713882 20180108,TRADE,2_YEAR,25560,1,1,0,A,60579400000D151C,37143
10:00:10:713882 20180108,TRADE,2_YEAR,25560,1,1,1,B,60579400000D1747,37144
10:00:10:713952 20180108,TRADE,2_YEAR,25560,3,1,0,A,60579400000D151C,37148
10:00:10:713952 20180108,TRADE,2_YEAR,25560,3,1,1,B,60579400000D174C,37149
10:00:10:714923 20180108,TRADE,2_YEAR,25560,1,1,0,A,60579400000D151C,37152
10:00:10:714923 20180108,TRADE,2_YEAR,25560,1,1,1,B,60579400000D1754,37153
10:00:10:715095 20180108,TRADE,2_YEAR,25560,1,1,0,A,60579400000D151C,37156
10:00:10:715095 20180108,TRADE,2_YEAR,25560,1,1,1,B,60579400000D1755,37157
10:00:10:715228 20180108,TRADE,2_YEAR,25560,1,1,0,A,60579400000D151C,37160
10:00:10:715228 20180108,TRADE,2_YEAR,25560,1,1,1,B,60579400000D1756,37161
10:00:10:719783 20180108,TRADE,2_YEAR,25560,4,1,0,A,60579400000D151C,37165
10:00:10:719783 20180108,TRADE,2_YEAR,25560,4,1,1,B,60579400000D175F,37166
10:00:11:678253 20180108,TRADE,2_YEAR,25560,1,1,0,A,60579400000D151C,37176
10:00:11:678253 20180108,TRADE,2_YEAR,25560,1,1,1,B,60579400000D1786,37177
10:00:11:678724 20180108,TRADE,2_YEAR,25560,1,1,0,A,60579400000D151C,37181
10:00:11:678724 20180108,TRADE,2_YEAR,25560,1,1,1,B,60579400000D178B,37182
10:00:11:750264 20180108,TRADE,2_YEAR,25560,1,1,0,A,60579400000D151C,37192
10:00:11:750264 20180108,TRADE,2_YEAR,25560,5,1,1,B,60579400000D17A5,37193
10:00:11:750264 20180108,TRADE,2_YEAR,25560,2,1,0,A,60579400000D178E,37194
10:00:11:750264 20180108,TRADE,2_YEAR,25560,2,1,0,A,60579400000D1796,37195
10:00:11:950315 20180108,TRADE,2_YEAR,25560,1,1,0,A,60579400000D151C,37199
10:00:11:950315 20180108,TRADE,2_YEAR,25560,1,1,1,B,60579400000D17B2,37200
10:00:12:150789 20180108,TRADE,2_YEAR,25560,1,1,0,A,60579400000D151C,37203
10:00:12:150789 20180108,TRADE,2_YEAR,25560,1,1,1,B,60579400000D17B6,37204
10:00:12:350274 20180108,TRADE,2_YEAR,25560,1,1,0,A,60579400000D151C,37207
10:00:12:350274 20180108,TRADE,2_YEAR,25560,1,1,1,B,60579400000D17C1,37208
10:00:20:005505 20180108,TRADE,2_YEAR,25560,1,1,0,A,60579400000D151C,37238
10:00:20:005505 20180108,TRADE,2_YEAR,25560,8,1,1,B,60579400000D18C1,37239
10:00:20:005505 20180108,TRADE,2_YEAR,25560,2,1,0,A,60579400000D1820,37240
10:00:20:005505 20180108,TRADE,2_YEAR,25560,2,1,0,A,60579400000D1823,37241
10:00:20:005505 20180108,TRADE,2_YEAR,25560,2,1,0,A,60579400000D1827,37242
10:00:20:005505 20180108,TRADE,2_YEAR,25560,1,1,0,A,60579400000D1828,37243
10:00:20:005565 20180108,TRADE,2_YEAR,25560,1,1,0,A,60579400000D151C,37250
10:00:20:005565 20180108,TRADE,2_YEAR,25560,8,1,1,B,60579400000D18C4,37251
10:00:20:005565 20180108,TRADE,2_YEAR,25560,5,1,0,A,60579400000D1828,37252
10:00:20:005565 20180108,TRADE,2_YEAR,25560,1,1,0,A,60579400000D186F,37253
10:00:20:005565 20180108,TRADE,2_YEAR,25560,1,1,0,A,60579400000D1872,37254
10:00:20:005724 20180108,TRADE,2_YEAR,25560,4,1,0,A,60579400000D151C,37265
10:00:20:005724 20180108,TRADE,2_YEAR,25560,10,1,1,B,60579400000D18CF,37266
10:00:20:005724 20180108,TRADE,2_YEAR,25560,2,1,0,A,60579400000D1872,37267
10:00:20:005724 20180108,TRADE,2_YEAR,25560,3,1,0,A,60579400000D18CB,37268
10:00:20:005724 20180108,TRADE,2_YEAR,25560,1,1,0,A,60579400000D18CE,37269
10:00:23:229105 20180108,TRADE,2_YEAR,25560,1,1,0,A,60579400000D151C,37291
10:00:23:229105 20180108,TRADE,2_YEAR,25560,14,1,1,B,60579400000D194B,37292
10:00:23:229105 20180108,TRADE,2_YEAR,25560,2,1,0,A,60579400000D18DF,37293
10:00:23:229105 20180108,TRADE,2_YEAR,25560,3,1,0,A,60579400000D18E1,37294
10:00:23:229105 20180108,TRADE,2_YEAR,25560,2,1,0,A,60579400000D18E2,37295
10:00:23:229105 20180108,TRADE,2_YEAR,25560,4,1,0,A,60579400000D18E3,37296
10:00:23:229105 20180108,TRADE,2_YEAR,25560,2,1,0,A,60579400000D18E4,37297
10:00:23:229368 20180108,TRADE,2_YEAR,25560,1,1,0,A,60579400000D151C,37303
10:00:23:229368 20180108,TRADE,2_YEAR,25560,1,1,1,B,60579400000D1957,37304
10:00:23:229388 20180108,TRADE,2_YEAR,25560,1,1,0,A,60579400000D151C,37307
10:00:23:229388 20180108,TRADE,2_YEAR,25560,1,1,1,B,60579400000D1958,37308
10:00:26:340906 20180108,TRADE,2_YEAR,25560,1,1,0,A,60579400000D151C,37340
10:00:26:340906 20180108,TRADE,2_YEAR,25560,8,1,1,B,60579400000D1B6B,37341
10:00:26:340906 20180108,TRADE,2_YEAR,25560,2,1,0,A,60579400000D195F,37342
10:00:26:340906 20180108,TRADE,2_YEAR,25560,1,1,0,A,60579400000D1966,37343
10:00:26:340906 20180108,TRADE,2_YEAR,25560,2,1,0,A,60579400000D1AE6,37344
10:00:26:340906 20180108,TRADE,2_YEAR,25560,2,1,0,A,60579400000D1AE7,37345
10:00:42:630958 20180108,TRADE,2_YEAR,25560,9,1,0,A,60579400000D151C,37418
10:00:42:630958 20180108,TRADE,2_YEAR,25560,15,1,1,B,60579400000D1F32,37419
10:00:42:630958 20180108,TRADE,2_YEAR,25560,2,1,0,A,60579400000D1B85,37420
10:00:42:630958 20180108,TRADE,2_YEAR,25560,2,1,0,A,60579400000D1DEF,37421
10:00:42:630958 20180108,TRADE,2_YEAR,25560,2,1,0,A,60579400000D1DF0,37422
10:00:42:633323 20180108,TRADE,2_YEAR,25560,1,1,0,A,60579400000D151C,37430
10:00:42:633323 20180108,TRADE,2_YEAR,25560,2,1,1,B,60579400000D1F48,37431
10:00:42:633323 20180108,TRADE,2_YEAR,25560,1,1,0,A,60579400000D1F43,37432
10:00:52:002342 20180108,TRADE,2_YEAR,25560,9,1,0,A,60579400000D151C,37478
10:00:52:002342 20180108,TRADE,2_YEAR,25560,11,1,1,B,60579400000D22DB,37479
10:00:52:002342 20180108,TRADE,2_YEAR,25560,2,1,0,A,60579400000D2164,37480
10:00:52:002609 20180108,TRADE,2_YEAR,25560,1,1,0,A,60579400000D151C,37484
10:00:52:002609 20180108,TRADE,2_YEAR,25560,1,1,1,B,60579400000D22E2,37485
10:00:52:002679 20180108,TRADE,2_YEAR,25560,3,1,0,A,60579400000D151C,37488
10:00:52:002679 20180108,TRADE,2_YEAR,25560,3,1,1,B,60579400000D22E3,37489
10:00:52:002814 20180108,TRADE,2_YEAR,25560,1,1,0,A,60579400000D151C,37493
10:00:52:002814 20180108,TRADE,2_YEAR,25560,1,1,1,B,60579400000D22EA,37494
10:00:52:002962 20180108,TRADE,2_YEAR,25560,1,1,0,A,60579400000D151C,37497
10:00:52:002962 20180108,TRADE,2_YEAR,25560,1,1,1,B,60579400000D22EF,37498
10:00:52:032960 20180108,TRADE,2_YEAR,25560,1,1,0,A,60579400000D151C,37511
10:00:52:032960 20180108,TRADE,2_YEAR,25560,2,1,1,B,60579400000D2315,37512
10:00:52:032960 20180108,TRADE,2_YEAR,25560,1,1,0,A,60579400000D22F0,37513
10:00:52:034347 20180108,TRADE,2_YEAR,25560,1,1,0,A,60579400000D151C,37525
10:00:52:034347 20180108,TRADE,2_YEAR,25560,4,1,1,B,60579400000D231E,37526
10:00:52:034347 20180108,TRADE,2_YEAR,25560,3,1,0,A,60579400000D22F1,37527
10:00:52:153531 20180108,TRADE,2_YEAR,25560,1,1,0,A,60579400000D151C,37532
10:00:52:153531 20180108,TRADE,2_YEAR,25560,2,1,1,B,60579400000D2339,37533
10:00:52:153531 20180108,TRADE,2_YEAR,25560,1,1,0,A,60579400000D2327,37534
10:00:52:351082 20180108,TRADE,2_YEAR,25560,1,1,0,A,60579400000D151C,37540
10:00:52:351082 20180108,TRADE,2_YEAR,25560,1,1,1,B,60579400000D2349,37541
10:00:52:550353 20180108,TRADE,2_YEAR,25560,1,1,0,A,60579400000D151C,37545
10:00:52:550353 20180108,TRADE,2_YEAR,25560,1,1,1,B,60579400000D2353,37546
10:00:53:534875 20180108,TRADE,2_YEAR,25560,1,1,0,A,60579400000D151C,37553
10:00:53:534875 20180108,TRADE,2_YEAR,25560,1,1,1,B,60579400000D23B1,37554
10:00:53:587887 20180108,TRADE,2_YEAR,25560,2,1,0,A,60579400000D151C,37558
10:00:53:587887 20180108,TRADE,2_YEAR,25560,2,1,1,B,60579400000D23C0,37559
10:01:24:034239 20180108,TRADE,2_YEAR,25560,1,1,0,A,60579400000D151C,37837
10:01:24:034239 20180108,TRADE,2_YEAR,25560,1,1,1,B,60579400000D3234,37838
10:01:25:049042 20180108,TRADE,2_YEAR,25560,1,1,0,A,60579400000D151C,37853
10:01:25:049042 20180108,TRADE,2_YEAR,25560,10,1,1,B,60579400000D324F,37854
10:01:25:049042 20180108,TRADE,2_YEAR,25560,1,1,0,A,60579400000D25AF,37855
10:01:25:049042 20180108,TRADE,2_YEAR,25560,3,1,0,A,60579400000D25B3,37856
10:01:25:049042 20180108,TRADE,2_YEAR,25560,5,1,0,A,60579400000D25BA,37857
10:01:25:049263 20180108,TRADE,2_YEAR,25560,1,1,0,A,60579400000D151C,37864
10:01:25:049263 20180108,TRADE,2_YEAR,25560,3,1,1,B,60579400000D3253,37865
10:01:25:049263 20180108,TRADE,2_YEAR,25560,1,1,0,A,60579400000D25BA,37866
10:01:25:049263 20180108,TRADE,2_YEAR,25560,1,1,0,A,60579400000D2773,37867
10:03:31:845753 20180108,TRADE,2_YEAR,25560,1,1,0,A,60579400000D151C,38337
10:03:31:845753 20180108,TRADE,2_YEAR,25560,3,1,1,B,60579400000D50D1,38338
10:03:31:845753 20180108,TRADE,2_YEAR,25560,2,1,0,A,60579400000D2887,38339
10:03:31:845915 20180108,TRADE,2_YEAR,25560,1,1,0,A,60579400000D151C,38346
10:03:31:845915 20180108,TRADE,2_YEAR,25560,1,1,1,B,60579400000D50D9,38347
10:03:31:859826 20180108,TRADE,2_YEAR,25560,1,1,0,A,60579400000D151C,38351
10:03:31:859826 20180108,TRADE,2_YEAR,25560,1,1,1,B,60579400000D50E5,38352
10:08:54:397384 20180108,TRADE,2_YEAR,25560,1,1,0,A,60579400000D151C,39303
